2159 3508
95 550 202 605 130.

279 114 343 165 62

237 199 518 256 Conceptionis
538 201 575 241 B.
591 204 779 257 Virginis,
812 216 944 242 verum
959 205 1029 244 erit

239 256 365 297 dicere
381 275 389 297 ε
413 257 466 298 est
475 261 620 304 Sancta,
636 265 676 301 &
691 259 836 300 munda
847 262 1029 317 Concep-

241 318 297 354 tio
320 344 329 361 ,
361 315 408 355 ab
419 315 531 355 omni
543 330 703 372 peccato
719 343 730 361 ‚
775 331 855 358 tam
868 317 1027 365 actuali,

240 371 358 427 quam
368 373 554 429 originali.

447 462 484 510 §.
506 463 557 522 '4
589 455 820 525 Historia,

311 549 562 602 ADVLten
600 547 722 610 Mite
744 546 799 595 ab
821 551 952 600 oreo

503 615 767 666 LIberatVS.

243 699 529 799 REversurus
548 702 597 743 ad
608 704 756 760 oppidu
772 704 888 750 suum,
901 721 1034 764 perpe-

354 771 454 799 trato
465 759 580 815 paulo
600 776 690 802 ante
705 764 911 819 turpissimo
927 766 1034 806 adul-

242 817 324 869 terij
345 815 492 872 flagitio
504 846 515 863 ‚
547 821 638 876 Pagi
672 822 867 876 cujusdam
889 824 1034 864 Gallici

242 873 546 922 Praebendarius,
568 878 617 917 ad
633 881 847 934 Sequanam
858 880 1035 923 Fluvium

243 932 412 976 devenit,
426 947 542 988 quem
559 937 787 990 trajec'turus,
803 940 1034 986 naviculam,

242 1004 360 1044 quam
369 990 467 1032 forte
479 992 531 1032 ibi
543 993 756 1036 offenderat
771 1026 780 1042 ‚
806 996 902 1038 solus
912 997 1039 1039 ascen-

244 1049 302 1088 dit
313 1078 323 1095 ‚
346 1049 550 1106 Horast'lue
566 1054 786 1094 Canonicas
796 1084 805 1101 ,
849 1071 942 1110 quas
976 1056 1039 1097 die

244 1106 323 1153 illa,
332 1107 522 1163 hucusque
531 1113 686 1152 recitare
699 1112 903 1160 distulerat,
917 1114 1040 1156 modo

246 1164 456 1222 persolvere
473 1171 630 1224 cogitat.
689 1172 793 1212 Cum
803 1187 907 1228 ergo,
934 1176 1042 1215 navi-

247 1222 381 1264 culain
394 1224 473 1281 ipso
485 1225 668 1267 fluminis
681 1229 812 1270 medio
824 1231 1042 1278 constituta,

248 1282 516 1324 Invitatorium
530 1284 674 1326 diceret
685 1315 695 1332 ,
721 1288 828 1342 quod
844 1288 947 1331 aliud
960 1306 1044 1332 non

248 1353 340 1385 erat,
353 1340 470 1395 quam
481 1345 562 1382 Ave
585 1346 687 1383 MA
693 1347 766 1400 RI
767 1348 810 1384 A
809 1349 923 1402 gratia
930 1349 1044 1405 plena,

247 1399 409 1439 Dominus
423 1413 535 1443 tecum,
550 1400 601 1441 ob
613 1402 777 1446 Festum,
789 1408 942 1461 Virgini
951 1408 1045 1447 DEI

248 1461 397 1512 parenti
414 1460 591 1505 Sacrum,
617 1459 739 1501 subito
757 1462 943 1505 advolans
953 1465 1045 1506 hor·

249 1514 370 1555 tenda
391 1515 636 1558 infernalium
647 1519 913 1562 Monstrorum
922 1523 1045 1570 turba,

248 1572 469 1614 naviculam
484 1574 673 1622 subvertit,
698 1590 811 1632 atque
824 1578 995 1623 fuffocati
1005 1586 1046 1622 in

247 1634 355 1686 aquis
380 1634 572 1679 animam,
604 1635 653 1675 ad
672 1648 832 1679 tartarea
852 1651 1048 1681 tormenta

247 1689 421 1731 deduxit.
481 1694 666 1747 Apparuit
689 1707 818 1736 autem
839 1696 1046 1739 exultanti-

246 1746 318 1789 bus
345 1748 394 1788 de
423 1750 548 1804 praeda
571 1750 632 1792 sua
665 1751 906 1795 daemonibus
917 1758 1045 1798 Mater

248 1810 377 1863 gratiae
389 1808 536 1848 Mirm
556 1837 567 1854 ‚
605 1809 705 1851 hisce
718 1826 783 1852 eos
793 1812 917 1854 verbis
928 1817 1045 1856 inter-
1102 1805 1107 1856 f

248 1864 397 1921 pellans
414 1882 421 1904 :
467 1871 520 1907 Ut
532 1867 624 1921 quid
640 1873 717 1909 mei
736 1870 945 1913 Familiaris
962 1876 1046 1914 ani-

250 1937 358 1963 mam
378 1936 459 1965 tam
483 1924 618 1979 injuste
635 1925 821 1984 affligitis?
853 1945 1046 1986 reponunt
1097 1923 1099 1925 ¹

249 1980 331 2021 illi:
371 1981 556 2023 Nostram
590 1987 672 2038 quis
694 2000 810 2042 neget
823 1991 1004 2030 'animam
1033 2020 1046 2036 ,

253 2053 339 2094 quae
350 2053 461 2096 capta
480 2041 545 2087 est,
575 2045 615 2082 in
636 2042 752 2100 opere
771 2045 932 2091 nostro?
964 2050 1047 2101 qui-

254 2097 324 2138 bus
338 2099 485 2139 Minui
503 2114 511 2137 :
542 2102 644 2140 Bene
659 2101 725 2148 est,
746 2102 770 2142 fi
782 2102 880 2144 illius
893 2119 979 2145 eam
991 2106 1048 2145 di-

254 2157 458 2210 citis,cujus
471 2171 586 2214 opera
598 2155 908 2206 faciebat,icitote
919 2178 1049 2205 meam

255 2212 341 2259 effe,
353 2218 540 2269 quoniam
558 2218 770 2259 Matutinas
789 2233 892 2261 meas
912 2250 922 2267 ,
959 2237 1051 2263 cum

255 2286 344 2312 eam
356 2273 575 2328 peremistis,
599 2275 849 2331 persolvebat.
908 2281 1021 2321 Dixit
1035 2307 1048 2324 ‚

255 2336 298 2373 ὃς
323 2330 564 2372 daemonibus
593 2333 792 2376 hincinde
820 2336 1049 2394 aufugienti«

255 2388 338 2435 bus,
356 2388 586 2430 submersum
597 2391 645 2432 de
667 2393 860 2449 profundo
881 2394 1049 2437 fluminis

256 2447 402 2492 eduxit,
423 2447 669 2505 animamque
691 2451 739 2491 ad
750 2454 827 2506 ejus
845 2468 981 2510 corpus
992 2471 1049 2496 re-
1094 2447 1098 2451 ’

257 2507 431 2552 vocavit,
450 2509 514 2560 qui
526 2520 605 2548 tam
623 2508 718 2550 mire
731 2509 778 2551 ab
793 2526 888 2552 orco
914 2511 1049 2555 libera-
1084 2521 1095 2542 ³

638 102 732 166 De
755 104 1043 186 Concepta
1060 105 1215 169 Sacra
1236 106 1487 187 Deiparfi.

1077 203 1172 256 cijs?
1201 203 1431 258 atque'plura
1452 201 1599 244 dixisset
1613 232 1623 250 ,
1647 203 1714 245 nisi
1735 208 1868 262 copio-

1077 260 1157 302 ssim
1170 259 1451 317 lachrymarum
1476 261 1705 317 profluvium
1729 278 1870 305 vocem

1078 333 1239 360 omnem
1254 317 1524 360 interclusisset.
1579 322 1653 360 Cui
1669 319 1749 362 illa:
1780 323 1871 362 Pre-

1085 390 1219 422 corte‚
1240 380 1383 431 inquit,
1407 376 1456 417 ne
1476 376 1638 432 amplius
1664 380 1705 418 in
1724 392 1871 420 reatum

1085 434 1280 489 adulterij,
1328 448 1392 475 aut
1412 434 1561 476 alterius
1577 439 1725 491 peccati
1751 436 1872 493 gravis

1084 492 1338 550 prohibendo,
1354 492 1629 534 conscientiam
1640 506 1747 534 tuam
1764 508 1872 534 com-

1083 551 1251 592 macules
1264 580 1274 596 ,
1293 566 1335 591 ac
1349 550 1514 592 Festivos
1527 551 1623 591 mihi
1635 551 1727 595 dies,
1755 551 1875 606 qualis

1081 610 1132 650 ad
1141 623 1246 650 tuam
1257 608 1414 649 salutem
1423 609 1630 650 hodiernus
1641 609 1723 652 fuit,
1736 608 1874 665 specia—

1035 666 1214 708 ”lissime
1252 666 1345 709 vero
1371 669 1495 708 Diem
1555 667 1751 724 puriffimae
1779 682 1876 708 meae

1081 727 1346 782 Conceptioni
1357 724 1569 769 solennem,
1580 741 1662 766 non
1676 726 1878 781 peccando

1081 783 1201 825 violes
1216 813 1226 830 ‚
1239 783 1300 824 sed
1310 782 1390 841 jugi
1404 786 1530 840 potius
1542 784 1753 825 devotione
1762 798 1878 825 vene-

1083 845 1155 881 rari
1164 840 1214 882 ne
1226 844 1465 883 intermittas.
1526 840 1676 898 Qibus
1687 842 1809 885 dietis,
1820 845 1878 898 ip-

1085 898 1124 940 so
1135 899 1313 945 vidente,
1332 919 1334 921 >
1353 900 1403 940 ad
1427 898 1585 956 superna
1614 899 1880 942 conscendens

1086 961 1252 1004 evanuit,
1266 957 1329 998 ille
1337 957 1441 1004 vero,
1455 961 1575 999 vitam
1588 957 1784 1015 amplexus
1800 973 1880 999 ere-

1087 1018 1284 1060 miticam,
1314 1016 1408 1071 quid
1418 1015 1693 1063 fibiacciderit,
1714 1016 1882 1073 pluribus

1087 1079 1287 1121 enarravit,
1309 1090 1356 1114 ex
1367 1089 1446 1129 quo
1461 1077 1597 1130 ingens
1611 1103 1621 1120 ,
1654 1075 1755 1131 apud
1773 1090 1883 1116 com-

1089 1132 1226 1189 plures,
1244 1131 1334 1188 erga
1350 1135 1519 1189 Virginis
1532 1131 1686 1173 illibatae
1701 1135 1884 1190 Concep-

1091 1194 1266 1234 tionem‚
1286 1194 1405 1233 crevit
1427 1190 1598 1232 devotio.
1671 1189 1829 1247 Meffretb
1850 1191 1886 1234 in

1090 1249 1213 1291 hortulo
1225 1250 1355 1306 Reginae
1364 1252 1463 1289 Serm.
1473 1265 1503 1294 9·
1517 1248 1580 1289 litt.
1590 1249 1634 1288 E.

1287 1327 1328 1392 §.
1349 1338 1392 1390 5.
1413 1323 1690 1397 L&anholant-

1094 1425 1354 1490 Margarlta‚
1376 1426 1611 1475 In,Vtero‚
1633 1425 1883 1479 CanDens,

258 2577 330 2610 ωε,
353 2567 535 2619 cognito,
558 2567 664 2620 quod
680 2566 702 2607 ὲ
714 2572 874 2625 Virgine
887 2572 1050 2612 Beatiss-
1083 2577 1110 2614 ἓ.
1134 2622 1137 2624 ,

258 2621 323 2662 rna
335 2622 515 2679 indignus
527 2638 735 2680 acceperat,
754 2625 957 2676 beneficio,
978 2630 1049 2670 stae

259 2683 333 2720 tim
362 2680 521 2737 pedibus
537 2683 613 2736 ejus
628 2684 866 2739 provolvitur
883 2715 893 2732 ,
920 2702 964 2729 ac
982 2688 1047 2729 ab-

259 2737 374 2779 sterso
393 2740 472 2793 jam
487 2768 497 2784 ,
526 2754 593 2796 per
604 2739 736 2783 seriam
757 2748 1047 2793 contritionem,

261 2796 378 2852 turpis
399 2797 570 2853 adulterij
588 2798 746 2856 flagitio,
756 2816 827 2857 pro
849 2816 928 2856 quo
939 2818 1046 2845 aeter„

264 2854 399 2895 naliter
408 2857 563 2909 jamjam
576 2857 818 2900 damnandus
829 2859 950 2902 fuisset
961 2891 970 2908 ‚
1003 2863 1051 2904 fic

263 2911 359 2951 Eam
376 2912 598 2968 alloquitur:
612 2915 638 2956 ὂ
654 2920 776 2973 Virgo
788 2919 1050 2974 gratiossffima!

264 2970 358 3024 quid
373 2970 441 3010 tibi
461 2987 531 3028 pro
553 2978 665 3017 tantis
687 2976 890 3020 retribuam
907 2976 1052 3022 benefi-

1138 2698 1216 2727 Intra
1225 2706 1336 2740 uterum
1348 2697 1465 2737 pretiosa
1475 2700 1546 2732 latet
1557 2701 1715 2743 Gangetica
1723 2712 1848 2745 gemma-

1188 2739 1250 2778 Ipso
1256 2739 1286 2767 in
1294 2741 1419 2770 conchilr
1428 2743 1557 2773 candida,
1572 2753 1638 2781 pura
1649 2745 1739 2775 fimul.

1138 2781 1214 2808 Intra
1224 2782 1440 2819 uterum,primo
1455 2783 1579 2817 instanti.
1593 2796 1675 2824 quam
1686 2788 1787 2826 gratia
1800 2798 1892 2819 mater

1178 2822 1327 2859 Concepit,
1340 2823 1444 2860 paritet
1451 2825 1571 2855 candida
1590 2828 1683 2868 Virgo
1693 2827 1758 2859 fuit.

1102 2879 1267 2953 Μιηῖιιιᾶ
1273 2890 1369 2912 autem
1377 2882 1435 2913 und
1441 2884 1565 2925 pretiosa
1577 2889 1891 2932 Margaritkfflbijthe.

1136 2931 1179 2952 att
1204 2932 1241 2954 .c.
1252 2933 1297 2962 13·
1306 2934 1332 2955 v.
1343 2932 1390 2961 46·

1775 3149 1815 3200 §·
1839 3141 1889 3206 6⁰.

1935 1424 2027 1485 131.

1977 2766 2062 2812 Anus

1965 2813 2060 2847 gram
