<?xml version="1.0" encoding="UTF-8"?>
<!DOCTYPE html PUBLIC "-//W3C//DTD XHTML 1.0 Transitional//EN"
    "http://www.w3.org/TR/xhtml1/DTD/xhtml1-transitional.dtd">
<html xmlns="http://www.w3.org/1999/xhtml" xml:lang="en" lang="en">
 <head>
  <title>
</title>
<meta http-equiv="Content-Type" content="text/html;charset=utf-8" />
  <meta name='ocr-system' content='tesseract 3.04.00' />
  <meta name='ocr-capabilities' content='ocr_page ocr_carea ocr_par ocr_line ocrx_word'/>
</head>
<body>
  <div class='ocr_page' id='page_1' title='image "./conceptvschronog00zolle_0269.png"; bbox 0 0 2159 3508; ppageno 0'>
   <div class='ocr_carea' id='block_1_1' title="bbox 45 360 178 427">
    <p class='ocr_par' dir='ltr' id='par_1_1' title="bbox 45 360 178 427">
     <span class='ocr_line' id='line_1_1' title="bbox 45 360 178 427; baseline 0 -1"><span class='ocrx_word' id='word_1_1' title='bbox 45 360 178 427; x_wconf 63' lang='lat' dir='ltr'>r474·</span> 
     </span>
    </p>
   </div>
   <div class='ocr_carea' id='block_1_2' title="bbox 53 2088 176 2149">
    <p class='ocr_par' dir='ltr' id='par_1_2' title="bbox 53 2088 176 2149">
     <span class='ocr_line' id='line_1_2' title="bbox 53 2088 176 2149; baseline -0.024 -1"><span class='ocrx_word' id='word_1_2' title='bbox 53 2088 176 2149; x_wconf 83' lang='lat'>475·</span> 
     </span>
    </p>
   </div>
   <div class='ocr_carea' id='block_1_3' title="bbox 753 85 1398 175">
    <p class='ocr_par' dir='ltr' id='par_1_3' title="bbox 753 85 1398 175">
     <span class='ocr_line' id='line_1_3' title="bbox 753 85 1398 175; baseline -0.009 -18"><span class='ocrx_word' id='word_1_3' title='bbox 753 88 1078 175; x_wconf 75' lang='lat' dir='ltr'>Conceptus·</span> <span class='ocrx_word' id='word_1_4' title='bbox 1150 85 1398 152; x_wconf 78' lang='lat' dir='ltr'>vam.</span> 
     </span>
    </p>
   </div>
   <div class='ocr_carea' id='block_1_4' title="bbox 413 230 815 308">
    <p class='ocr_par' dir='ltr' id='par_1_4' title="bbox 413 230 815 308">
     <span class='ocr_line' id='line_1_4' title="bbox 413 230 815 308; baseline -0.007 -22"><span class='ocrx_word' id='word_1_5' title='bbox 413 234 455 301; x_wconf 87' lang='lat'>§.</span> <span class='ocrx_word' id='word_1_6' title='bbox 476 245 519 301; x_wconf 82' lang='lat'>5.</span> <span class='ocrx_word' id='word_1_7' title='bbox 539 230 815 308; x_wconf 52' lang='lat' dir='ltr'>⁴gimbolum.</span> 
     </span>
    </p>
   </div>
   <div class='ocr_carea' id='block_1_5' title="bbox 219 336 1010 473">
    <p class='ocr_par' dir='ltr' id='par_1_5' title="bbox 219 336 1010 473">
     <span class='ocr_line' id='line_1_5' title="bbox 219 336 1010 401; baseline -0.004 -11"><span class='ocrx_word' id='word_1_8' title='bbox 219 336 351 392; x_wconf 52' lang='lat' dir='ltr'>kVto</span> <span class='ocrx_word' id='word_1_9' title='bbox 375 376 390 401; x_wconf 91' lang='lat'><em>‚</em></span> <span class='ocrx_word' id='word_1_10' title='bbox 425 349 474 389; x_wconf 89' lang='lat'>&amp;</span> <span class='ocrx_word' id='word_1_11' title='bbox 499 342 681 388; x_wconf 76' lang='lat' dir='ltr'>MARIAE</span> <span class='ocrx_word' id='word_1_12' title='bbox 709 342 973 401; x_wconf 84' lang='lat' dir='ltr'>ConCeptae</span> <span class='ocrx_word' id='word_1_13' title='bbox 996 372 1010 396; x_wconf 92' lang='lat'><em>‚</em></span> 
     </span>
     <span class='ocr_line' id='line_1_6' title="bbox 436 407 795 473; baseline -0.014 -13"><span class='ocrx_word' id='word_1_14' title='bbox 436 410 574 460; x_wconf 90' lang='lat' dir='ltr'>Deest</span> <span class='ocrx_word' id='word_1_15' title='bbox 602 407 795 473; x_wconf 88' lang='lat' dir='ltr'>erIgo.</span> 
     </span>
    </p>
   </div>
   <div class='ocr_carea' id='block_1_6' title="bbox 871 720 966 971">
    <p class='ocr_par' dir='ltr' id='par_1_6' title="bbox 871 720 966 971">
     <span class='ocr_line' id='line_1_7' title="bbox 871 720 966 971; textangle 90"><span class='ocrx_word' id='word_1_16' title='bbox 901 963 965 971; x_wconf 72' lang='lat' dir='ltr'>i</span> <span class='ocrx_word' id='word_1_17' title='bbox 871 786 966 943; x_wconf 50' lang='lat'>&#39;1³22</span> <span class='ocrx_word' id='word_1_18' title='bbox 914 758 917 759; x_wconf 71' lang='grc'>’</span> <span class='ocrx_word' id='word_1_19' title='bbox 905 720 931 728; x_wconf 74' lang='lat'><em>*</em></span> 
     </span>
    </p>
   </div>
   <div class='ocr_carea' id='block_1_7' title="bbox 901 972 966 990">
    <p class='ocr_par' dir='ltr' id='par_1_7' title="bbox 901 972 966 990">
     <span class='ocr_line' id='line_1_8' title="bbox 901 972 966 990; textangle 90"><span class='ocrx_word' id='word_1_20' title='bbox 901 972 966 990; x_wconf 85' lang='grc' dir='ltr'>ΙΙΙ</span> 
     </span>
    </p>
   </div>
   <div class='ocr_carea' id='block_1_8' title="bbox 253 552 1005 1596">
    <p class='ocr_par' dir='ltr' id='par_1_8' title="bbox 253 552 1005 1596">
     <span class='ocr_line' id='line_1_9' title="bbox 253 552 1005 1596; baseline 0 0"><span class='ocrx_word' id='word_1_21' title='bbox 253 552 1005 1596; x_wconf 95' lang='lat' dir='ltr'> </span> 
     </span>
    </p>
   </div>
   <div class='ocr_carea' id='block_1_9' title="bbox 258 1638 1006 1808">
    <p class='ocr_par' dir='ltr' id='par_1_9' title="bbox 258 1638 972 1724">
     <span class='ocr_line' id='line_1_10' title="bbox 258 1638 972 1683; baseline 0.004 -15"><span class='ocrx_word' id='word_1_22' title='bbox 258 1639 452 1677; x_wconf 70' lang='lat' dir='ltr'>Qantumvis</span> <span class='ocrx_word' id='word_1_23' title='bbox 477 1638 563 1673; x_wconf 76' lang='lat' dir='ltr'>soleat</span> <span class='ocrx_word' id='word_1_24' title='bbox 579 1641 722 1672; x_wconf 80' lang='lat' dir='ltr'>maculare</span> <span class='ocrx_word' id='word_1_25' title='bbox 737 1642 841 1683; x_wconf 81' lang='lat' dir='ltr'>rubigo</span> <span class='ocrx_word' id='word_1_26' title='bbox 856 1640 972 1672; x_wconf 77' lang='lat' dir='ltr'>metalla</span> 
     </span>
     <span class='ocr_line' id='line_1_11' title="bbox 303 1683 934 1724; baseline 0.006 -14"><span class='ocrx_word' id='word_1_27' title='bbox 303 1684 428 1712; x_wconf 65' lang='lat' dir='ltr'>caetera.-</span> <span class='ocrx_word' id='word_1_28' title='bbox 446 1684 524 1714; x_wconf 86' lang='lat' dir='ltr'>nulla</span> <span class='ocrx_word' id='word_1_29' title='bbox 543 1688 619 1715; x_wconf 78' lang='lat' dir='ltr'>Auro</span> <span class='ocrx_word' id='word_1_30' title='bbox 635 1683 707 1714; x_wconf 80' lang='lat' dir='ltr'>foeda</span> <span class='ocrx_word' id='word_1_31' title='bbox 720 1685 825 1724; x_wconf 79' lang='lat' dir='ltr'>rubigo</span> <span class='ocrx_word' id='word_1_32' title='bbox 842 1695 934 1714; x_wconf 86' lang='lat' dir='ltr'>nocet.</span> 
     </span>
    </p>

    <p class='ocr_par' dir='ltr' id='par_1_10' title="bbox 259 1721 1006 1808">
     <span class='ocr_line' id='line_1_12' title="bbox 259 1721 1006 1766; baseline 0.004 -16"><span class='ocrx_word' id='word_1_33' title='bbox 259 1721 336 1752; x_wconf 89' lang='lat' dir='ltr'>Dum</span> <span class='ocrx_word' id='word_1_34' title='bbox 355 1725 481 1754; x_wconf 83' lang='lat' dir='ltr'>maculat</span> <span class='ocrx_word' id='word_1_35' title='bbox 496 1726 618 1763; x_wconf 82' lang='lat' dir='ltr'>reliquos</span> <span class='ocrx_word' id='word_1_36' title='bbox 632 1725 740 1753; x_wconf 83' lang='lat' dir='ltr'>sceleris</span> <span class='ocrx_word' id='word_1_37' title='bbox 749 1726 881 1763; x_wconf 79' lang='lat' dir='ltr'>ploranda</span> <span class='ocrx_word' id='word_1_38' title='bbox 893 1726 1006 1766; x_wconf 80' lang='lat' dir='ltr'>rubigo,</span> 
     </span>
     <span class='ocr_line' id='line_1_13' title="bbox 302 1766 905 1808; baseline 0.005 -15"><span class='ocrx_word' id='word_1_39' title='bbox 302 1767 393 1794; x_wconf 79' lang='lat' dir='ltr'>Aurea</span> <span class='ocrx_word' id='word_1_40' title='bbox 401 1766 504 1807; x_wconf 77' lang='lat' dir='ltr'>Virgo!</span> <span class='ocrx_word' id='word_1_41' title='bbox 517 1768 584 1795; x_wconf 88' lang='lat' dir='ltr'>Tibi</span> <span class='ocrx_word' id='word_1_42' title='bbox 600 1766 678 1796; x_wconf 83' lang='lat' dir='ltr'>nulla</span> <span class='ocrx_word' id='word_1_43' title='bbox 693 1767 799 1808; x_wconf 79' lang='lat' dir='ltr'>rubigo</span> <span class='ocrx_word' id='word_1_44' title='bbox 815 1777 905 1796; x_wconf 85' lang='lat' dir='ltr'>notet.</span> 
     </span>
    </p>
   </div>
   <div class='ocr_carea' id='block_1_10' title="bbox 263 1832 988 1879">
    <p class='ocr_par' dir='ltr' id='par_1_11' title="bbox 263 1832 988 1879">
     <span class='ocr_line' id='line_1_14' title="bbox 263 1832 988 1879; baseline 0.004 -16"><span class='ocrx_word' id='word_1_45' title='bbox 263 1832 391 1866; x_wconf 75' lang='lat' dir='ltr'>Probabit</span> <span class='ocrx_word' id='word_1_46' title='bbox 404 1845 466 1866; x_wconf 74' lang='lat' dir='ltr'>me,</span> <span class='ocrx_word' id='word_1_47' title='bbox 485 1833 564 1879; x_wconf 66' lang='lat' dir='ltr'>quast</span> <span class='ocrx_word' id='word_1_48' title='bbox 577 1836 708 1870; x_wconf 57' lang='lat' dir='ltr'>eAurum.</span> <span class='ocrx_word' id='word_1_49' title='bbox 721 1836 786 1874; x_wconf 81' lang='lat' dir='ltr'>Job.</span> <span class='ocrx_word' id='word_1_50' title='bbox 802 1846 822 1865; x_wconf 86' lang='lat' dir='ltr'>c·</span> <span class='ocrx_word' id='word_1_51' title='bbox 835 1846 880 1872; x_wconf 86' lang='lat'>23·</span> <span class='ocrx_word' id='word_1_52' title='bbox 900 1847 927 1866; x_wconf 88' lang='lat' dir='ltr'>v.</span> <span class='ocrx_word' id='word_1_53' title='bbox 945 1846 988 1866; x_wconf 83' lang='lat' dir='ltr'>io·</span> 
     </span>
    </p>
   </div>
   <div class='ocr_carea' id='block_1_11' title="bbox 384 1932 837 2011">
    <p class='ocr_par' dir='ltr' id='par_1_12' title="bbox 384 1932 837 2011">
     <span class='ocr_line' id='line_1_15' title="bbox 384 1932 837 2011; baseline 0.002 -26"><span class='ocrx_word' id='word_1_54' title='bbox 384 1939 426 1993; x_wconf 63' lang='grc' dir='ltr'>ξ.</span> <span class='ocrx_word' id='word_1_55' title='bbox 450 1932 502 1987; x_wconf 89' lang='lat'>6.</span> <span class='ocrx_word' id='word_1_56' title='bbox 538 1935 837 2011; x_wconf 77' lang='lat' dir='ltr'><em>Antiquitas.</em></span> 
     </span>
    </p>
   </div>
   <div class='ocr_carea' id='block_1_12' title="bbox 223 2046 1011 2235">
    <p class='ocr_par' dir='ltr' id='par_1_13' title="bbox 223 2046 1011 2235">
     <span class='ocr_line' id='line_1_16' title="bbox 223 2046 1011 2108; baseline 0.003 -18"><span class='ocrx_word' id='word_1_57' title='bbox 223 2047 560 2092; x_wconf 79' lang='lat' dir='ltr'>TorneaMenta</span> <span class='ocrx_word' id='word_1_58' title='bbox 580 2078 595 2101; x_wconf 92' lang='lat'>‚</span> <span class='ocrx_word' id='word_1_59' title='bbox 635 2046 690 2089; x_wconf 93' lang='lat' dir='ltr'>In</span> <span class='ocrx_word' id='word_1_60' title='bbox 713 2046 808 2091; x_wconf 89' lang='lat' dir='ltr'>DIe</span> <span class='ocrx_word' id='word_1_61' title='bbox 841 2046 1011 2108; x_wconf 87' lang='lat' dir='ltr'>antI-</span> 
     </span>
     <span class='ocr_line' id='line_1_17' title="bbox 339 2116 894 2177; baseline 0.002 -17"><span class='ocrx_word' id='word_1_62' title='bbox 339 2117 424 2162; x_wconf 85' lang='lat' dir='ltr'>aLI</span> <span class='ocrx_word' id='word_1_63' title='bbox 470 2117 604 2177; x_wconf 76' lang='lat' dir='ltr'>Regls</span> <span class='ocrx_word' id='word_1_64' title='bbox 653 2116 894 2162; x_wconf 81' lang='lat' dir='ltr'>BrItannIae</span> 
     </span>
     <span class='ocr_line' id='line_1_18' title="bbox 479 2181 752 2235; baseline -0.011 -2"><span class='ocrx_word' id='word_1_65' title='bbox 479 2181 752 2235; x_wconf 83' lang='lat' dir='ltr'>CeLebrata.</span> 
     </span>
    </p>
   </div>
   <div class='ocr_carea' id='block_1_13' title="bbox 224 2276 1020 3213">
    <p class='ocr_par' dir='ltr' id='par_1_14' title="bbox 348 2276 1009 2340">
     <span class='ocr_line' id='line_1_19' title="bbox 348 2276 1009 2340; baseline -0.006 -15"><span class='ocrx_word' id='word_1_66' title='bbox 348 2285 469 2340; x_wconf 84' lang='lat' dir='ltr'>Agnae</span> <span class='ocrx_word' id='word_1_67' title='bbox 504 2284 711 2323; x_wconf 66' lang='lat' dir='ltr'>Britanniae</span> <span class='ocrx_word' id='word_1_68' title='bbox 742 2276 908 2322; x_wconf 86' lang='lat' dir='ltr'>referunt</span> <span class='ocrx_word' id='word_1_69' title='bbox 930 2282 1009 2322; x_wconf 90' lang='lat' dir='ltr'>An-</span> 
     </span>
    </p>

    <p class='ocr_par' dir='ltr' id='par_1_15' title="bbox 224 2338 1020 3213">
     <span class='ocr_line' id='line_1_20' title="bbox 376 2338 1010 2397; baseline -0.005 -15"><span class='ocrx_word' id='word_1_70' title='bbox 376 2341 502 2382; x_wconf 80' lang='lat' dir='ltr'>nales:</span> <span class='ocrx_word' id='word_1_71' title='bbox 535 2340 584 2381; x_wconf 88' lang='lat' dir='ltr'>ad</span> <span class='ocrx_word' id='word_1_72' title='bbox 599 2338 825 2397; x_wconf 87' lang='lat' dir='ltr'>Nuptialem</span> <span class='ocrx_word' id='word_1_73' title='bbox 844 2339 1010 2381; x_wconf 89' lang='lat' dir='ltr'>Eduardi</span> 
     </span>
     <span class='ocr_line' id='line_1_21' title="bbox 229 2398 1010 2454; baseline -0.005 -12"><span class='ocrx_word' id='word_1_74' title='bbox 229 2398 336 2451; x_wconf 71' lang='lat' dir='ltr'>(vel,</span> <span class='ocrx_word' id='word_1_75' title='bbox 367 2413 408 2440; x_wconf 90' lang='lat' dir='ltr'>ut</span> <span class='ocrx_word' id='word_1_76' title='bbox 422 2399 482 2453; x_wconf 87' lang='lat' dir='ltr'>alij</span> <span class='ocrx_word' id='word_1_77' title='bbox 498 2398 634 2440; x_wconf 86' lang='lat' dir='ltr'>volunt</span> <span class='ocrx_word' id='word_1_78' title='bbox 667 2400 852 2443; x_wconf 89' lang='lat' dir='ltr'>Henrici,</span> <span class='ocrx_word' id='word_1_79' title='bbox 893 2401 1010 2454; x_wconf 84' lang='lat' dir='ltr'>Regis</span> 
     </span>
     <span class='ocr_line' id='line_1_22' title="bbox 226 2455 1010 2514; baseline -0.003 -15"><span class='ocrx_word' id='word_1_80' title='bbox 226 2457 417 2514; x_wconf 77' lang='lat' dir='ltr'>Angliae)</span> <span class='ocrx_word' id='word_1_81' title='bbox 460 2457 739 2499; x_wconf 88' lang='lat' dir='ltr'>Solennitatem</span> <span class='ocrx_word' id='word_1_82' title='bbox 780 2455 1010 2512; x_wconf 66' lang='lat' dir='ltr'>splendidius</span> 
     </span>
     <span class='ocr_line' id='line_1_23' title="bbox 226 2515 1012 2571; baseline -0.001 -15"><span class='ocrx_word' id='word_1_83' title='bbox 226 2515 488 2557; x_wconf 78' lang='lat' dir='ltr'>illustrandam</span> <span class='ocrx_word' id='word_1_84' title='bbox 498 2541 510 2559; x_wconf 81' lang='grc'>,</span> <span class='ocrx_word' id='word_1_85' title='bbox 541 2518 684 2556; x_wconf 68' lang='lat' dir='ltr'>cuneus</span> <span class='ocrx_word' id='word_1_86' title='bbox 703 2517 832 2571; x_wconf 84' lang='lat' dir='ltr'>Regni</span> <span class='ocrx_word' id='word_1_87' title='bbox 843 2516 1012 2555; x_wconf 89' lang='lat' dir='ltr'>Proceri-</span> 
     </span>
     <span class='ocr_line' id='line_1_24' title="bbox 225 2571 1013 2632; baseline -0.003 -16"><span class='ocrx_word' id='word_1_88' title='bbox 225 2572 295 2616; x_wconf 88' lang='lat' dir='ltr'>bus</span> <span class='ocrx_word' id='word_1_89' title='bbox 332 2573 588 2632; x_wconf 84' lang='lat' dir='ltr'>pretiofiffima</span> <span class='ocrx_word' id='word_1_90' title='bbox 623 2573 766 2615; x_wconf 47' lang='lat' dir='ltr'>indicta</span> <span class='ocrx_word' id='word_1_91' title='bbox 793 2571 896 2613; x_wconf 74' lang='lat' dir='ltr'>fuisse</span> <span class='ocrx_word' id='word_1_92' title='bbox 934 2586 1013 2614; x_wconf 92' lang='lat' dir='ltr'>tor-</span> 
     </span>
     <span class='ocr_line' id='line_1_25' title="bbox 225 2632 1014 2688; baseline -0.004 -14"><span class='ocrx_word' id='word_1_93' title='bbox 225 2647 445 2677; x_wconf 81' lang='lat' dir='ltr'>neamenta.</span> <span class='ocrx_word' id='word_1_94' title='bbox 496 2632 695 2674; x_wconf 70' lang='lat' dir='ltr'>Advenere</span> <span class='ocrx_word' id='word_1_95' title='bbox 726 2662 738 2679; x_wconf 89' lang='lat'>,</span> <span class='ocrx_word' id='word_1_96' title='bbox 770 2646 916 2688; x_wconf 88' lang='lat' dir='ltr'>magno</span> <span class='ocrx_word' id='word_1_97' title='bbox 943 2647 1014 2672; x_wconf 92' lang='lat' dir='ltr'>nu-</span> 
     </span>
     <span class='ocr_line' id='line_1_26' title="bbox 226 2688 1015 2748; baseline -0.004 -16"><span class='ocrx_word' id='word_1_98' title='bbox 226 2705 336 2732; x_wconf 88' lang='lat' dir='ltr'>mero</span> <span class='ocrx_word' id='word_1_99' title='bbox 349 2721 359 2738; x_wconf 93' lang='lat'>,</span> <span class='ocrx_word' id='word_1_100' title='bbox 392 2693 595 2748; x_wconf 85' lang='lat' dir='ltr'>Magnates</span> <span class='ocrx_word' id='word_1_101' title='bbox 609 2693 756 2748; x_wconf 85' lang='lat' dir='ltr'>Regni,</span> <span class='ocrx_word' id='word_1_102' title='bbox 785 2692 920 2730; x_wconf 90' lang='lat' dir='ltr'>armati</span> <span class='ocrx_word' id='word_1_103' title='bbox 937 2688 1015 2746; x_wconf 82' lang='lat' dir='ltr'>cly-</span> 
     </span>
     <span class='ocr_line' id='line_1_27' title="bbox 227 2747 1016 2805; baseline 0 -16"><span class='ocrx_word' id='word_1_104' title='bbox 227 2753 327 2805; x_wconf 86' lang='lat' dir='ltr'>peis,</span> <span class='ocrx_word' id='word_1_105' title='bbox 364 2747 597 2805; x_wconf 79' lang='lat' dir='ltr'>&amp;symbolis</span> <span class='ocrx_word' id='word_1_106' title='bbox 619 2748 697 2791; x_wconf 86' lang='lat' dir='ltr'>suis.</span> <span class='ocrx_word' id='word_1_107' title='bbox 755 2751 919 2791; x_wconf 82' lang='lat' dir='ltr'><strong>Primus,</strong></span> <span class='ocrx_word' id='word_1_108' title='bbox 949 2751 1016 2803; x_wconf 89' lang='lat' dir='ltr'>qui</span> 
     </span>
     <span class='ocr_line' id='line_1_28' title="bbox 224 2807 1018 2864; baseline 0 -17"><span class='ocrx_word' id='word_1_109' title='bbox 224 2821 491 2863; x_wconf 85' lang='lat' dir='ltr'>comparuerat</span> <span class='ocrx_word' id='word_1_110' title='bbox 507 2834 517 2850; x_wconf 86' lang='lat'>‚</span> <span class='ocrx_word' id='word_1_111' title='bbox 549 2807 611 2864; x_wconf 67' lang='lat' dir='ltr'>de}</span> <span class='ocrx_word' id='word_1_112' title='bbox 630 2811 714 2848; x_wconf 67' lang='lat' dir='ltr'>&#39;stas</span> <span class='ocrx_word' id='word_1_113' title='bbox 738 2810 779 2848; x_wconf 90' lang='lat' dir='ltr'>in</span> <span class='ocrx_word' id='word_1_114' title='bbox 803 2807 942 2863; x_wconf 80' lang='lat' dir='ltr'>clypeo</span> <span class='ocrx_word' id='word_1_115' title='bbox 954 2822 1018 2863; x_wconf 89' lang='lat' dir='ltr'>ge-</span> 
     </span>
     <span class='ocr_line' id='line_1_29' title="bbox 228 2864 1013 2921; baseline 0.001 -16"><span class='ocrx_word' id='word_1_116' title='bbox 228 2864 337 2905; x_wconf 80' lang='lat' dir='ltr'>rebat</span> <span class='ocrx_word' id='word_1_117' title='bbox 352 2864 469 2911; x_wconf 85' lang='lat' dir='ltr'>rosas,</span> <span class='ocrx_word' id='word_1_118' title='bbox 496 2864 608 2921; x_wconf 79' lang='lat' dir='ltr'>spinis</span> <span class='ocrx_word' id='word_1_119' title='bbox 625 2865 877 2907; x_wconf 49' lang='lat' dir='ltr'>circumdatas</span> <span class='ocrx_word' id='word_1_120' title='bbox 906 2883 914 2905; x_wconf 73' lang='lat' dir='ltr'>t</span> <span class='ocrx_word' id='word_1_121' title='bbox 935 2880 1013 2920; x_wconf 90' lang='lat' dir='ltr'>quo</span> 
     </span>
     <span class='ocr_line' id='line_1_30' title="bbox 230 2921 1013 2969; baseline 0.001 -6"><span class='ocrx_word' id='word_1_122' title='bbox 230 2926 388 2964; x_wconf 88' lang='lat' dir='ltr'>innuere</span> <span class='ocrx_word' id='word_1_123' title='bbox 413 2921 594 2967; x_wconf 86' lang='lat' dir='ltr'>volebat,</span> <span class='ocrx_word' id='word_1_124' title='bbox 624 2922 658 2964; x_wconf 88' lang='lat' dir='ltr'>se</span> <span class='ocrx_word' id='word_1_125' title='bbox 701 2923 805 2965; x_wconf 87' lang='lat' dir='ltr'>velut</span> <span class='ocrx_word' id='word_1_126' title='bbox 841 2922 963 2964; x_wconf 86' lang='lat' dir='ltr'>rosam</span> <span class='ocrx_word' id='word_1_127' title='bbox 1001 2953 1013 2969; x_wconf 90' lang='lat'>‚</span> 
     </span>
     <span class='ocr_line' id='line_1_31' title="bbox 228 2980 1013 3039; baseline -0.001 -17"><span class='ocrx_word' id='word_1_128' title='bbox 228 2996 298 3039; x_wconf 86' lang='lat' dir='ltr'>per</span> <span class='ocrx_word' id='word_1_129' title='bbox 323 2980 467 3022; x_wconf 85' lang='lat' dir='ltr'>medias</span> <span class='ocrx_word' id='word_1_130' title='bbox 483 2981 649 3022; x_wconf 89' lang='lat' dir='ltr'>hostium</span> <span class='ocrx_word' id='word_1_131' title='bbox 671 2980 807 3021; x_wconf 81' lang='lat' dir='ltr'>sariffas</span> <span class='ocrx_word' id='word_1_132' title='bbox 826 2980 1013 3037; x_wconf 69' lang='lat' dir='ltr'>penetras-</span> 
     </span>
     <span class='ocr_line' id='line_1_32' title="bbox 231 3037 1016 3096; baseline -0.001 -15"><span class='ocrx_word' id='word_1_133' title='bbox 231 3040 266 3081; x_wconf 89' lang='lat' dir='ltr'>se</span> <span class='ocrx_word' id='word_1_134' title='bbox 287 3069 297 3086; x_wconf 88' lang='lat'><strong>,</strong></span> <span class='ocrx_word' id='word_1_135' title='bbox 328 3054 371 3079; x_wconf 91' lang='lat' dir='ltr'>ac</span> <span class='ocrx_word' id='word_1_136' title='bbox 392 3037 572 3096; x_wconf 86' lang='lat' dir='ltr'>sanguine</span> <span class='ocrx_word' id='word_1_137' title='bbox 593 3053 726 3080; x_wconf 89' lang='lat' dir='ltr'>eorum</span> <span class='ocrx_word' id='word_1_138' title='bbox 746 3038 929 3094; x_wconf 74' lang='lat' dir='ltr'>aspersum</span> <span class='ocrx_word' id='word_1_139' title='bbox 951 3042 1016 3080; x_wconf 87' lang='lat' dir='ltr'>tri-</span> 
     </span>
     <span class='ocr_line' id='line_1_33' title="bbox 231 3095 1019 3154; baseline -0.001 -15"><span class='ocrx_word' id='word_1_140' title='bbox 231 3095 440 3154; x_wconf 63' lang='lat' dir='ltr'>umphfiss&#39;e.</span> <span class='ocrx_word' id='word_1_141' title='bbox 497 3096 603 3138; x_wconf 86' lang='lat' dir='ltr'><strong>Alter</strong></span> <span class='ocrx_word' id='word_1_142' title='bbox 630 3096 845 3138; x_wconf 86' lang='lat' dir='ltr'>ostentabat</span> <span class='ocrx_word' id='word_1_143' title='bbox 887 3097 1019 3138; x_wconf 90' lang='lat' dir='ltr'>candi-</span> 
     </span>
     <span class='ocr_line' id='line_1_34' title="bbox 233 3154 1020 3213; baseline -0.003 -16"><span class='ocrx_word' id='word_1_144' title='bbox 233 3156 326 3197; x_wconf 91' lang='lat' dir='ltr'>dum</span> <span class='ocrx_word' id='word_1_145' title='bbox 357 3154 480 3196; x_wconf 85' lang='lat' dir='ltr'>lilium</span> <span class='ocrx_word' id='word_1_146' title='bbox 505 3174 513 3197; x_wconf 73' lang='grc' dir='ltr'><strong>ι</strong></span> <span class='ocrx_word' id='word_1_147' title='bbox 547 3154 748 3213; x_wconf 77' lang='lat' dir='ltr'>indigitare</span> <span class='ocrx_word' id='word_1_148' title='bbox 768 3159 947 3210; x_wconf 85' lang='lat' dir='ltr'>cupiens,</span> <span class='ocrx_word' id='word_1_149' title='bbox 977 3155 1020 3196; x_wconf 85' lang='lat' dir='ltr'>fi.</span> 
     </span>
    </p>
   </div>
   <div class='ocr_carea' id='block_1_14' title="bbox 1724 102 1811 162">
    <p class='ocr_par' dir='ltr' id='par_1_16' title="bbox 1724 102 1811 162">
     <span class='ocr_line' id='line_1_35' title="bbox 1724 102 1811 162; baseline 0 0"><span class='ocrx_word' id='word_1_150' title='bbox 1724 102 1811 162; x_wconf 78' lang='lat'>233</span> 
     </span>
    </p>
   </div>
   <div class='ocr_carea' id='block_1_15' title="bbox 1055 178 1856 998">
    <p class='ocr_par' dir='ltr' id='par_1_17' title="bbox 1055 178 1856 998">
     <span class='ocr_line' id='line_1_36' title="bbox 1056 178 1850 241; baseline -0.005 -13"><span class='ocrx_word' id='word_1_151' title='bbox 1056 185 1255 228; x_wconf 87' lang='lat' dir='ltr'>delitatem</span> <span class='ocrx_word' id='word_1_152' title='bbox 1269 186 1372 229; x_wconf 88' lang='lat' dir='ltr'>suam</span> <span class='ocrx_word' id='word_1_153' title='bbox 1390 197 1478 241; x_wconf 88' lang='lat' dir='ltr'>erga</span> <span class='ocrx_word' id='word_1_154' title='bbox 1488 178 1638 241; x_wconf 70' lang='lat' dir='ltr'>Regem</span> <span class='ocrx_word' id='word_1_155' title='bbox 1656 185 1709 225; x_wconf 85' lang='lat' dir='ltr'>ita</span> <span class='ocrx_word' id='word_1_156' title='bbox 1723 179 1850 224; x_wconf 59' lang='lat' dir='ltr'>haece-</span> 
     </span>
     <span class='ocr_line' id='line_1_37' title="bbox 1059 241 1852 289; baseline -0.005 -3"><span class='ocrx_word' id='word_1_157' title='bbox 1059 261 1129 286; x_wconf 89' lang='lat' dir='ltr'>nus</span> <span class='ocrx_word' id='word_1_158' title='bbox 1154 245 1365 286; x_wconf 88' lang='lat' dir='ltr'>candidam</span> <span class='ocrx_word' id='word_1_159' title='bbox 1389 241 1570 289; x_wconf 79' lang='lat' dir='ltr'>extitisse,</span> <span class='ocrx_word' id='word_1_160' title='bbox 1587 256 1628 283; x_wconf 91' lang='lat' dir='ltr'>ut</span> <span class='ocrx_word' id='word_1_161' title='bbox 1648 242 1753 284; x_wconf 86' lang='lat' dir='ltr'>nulla</span> <span class='ocrx_word' id='word_1_162' title='bbox 1765 255 1852 283; x_wconf 87' lang='lat' dir='ltr'>eam</span> 
     </span>
     <span class='ocr_line' id='line_1_38' title="bbox 1061 300 1847 359; baseline -0.006 -15"><span class='ocrx_word' id='word_1_163' title='bbox 1061 304 1305 359; x_wconf 85' lang='lat' dir='ltr'>turpitudinis</span> <span class='ocrx_word' id='word_1_164' title='bbox 1331 300 1483 342; x_wconf 87' lang='lat' dir='ltr'>macula</span> <span class='ocrx_word' id='word_1_165' title='bbox 1512 316 1684 355; x_wconf 83' lang='lat' dir='ltr'>unquam</span> <span class='ocrx_word' id='word_1_166' title='bbox 1711 301 1847 355; x_wconf 88' lang='lat' dir='ltr'>denig-</span> 
     </span>
     <span class='ocr_line' id='line_1_39' title="bbox 1063 357 1852 415; baseline -0.001 -13"><span class='ocrx_word' id='word_1_167' title='bbox 1063 361 1166 402; x_wconf 61' lang='lat' dir='ltr'>rarit.</span> <span class='ocrx_word' id='word_1_168' title='bbox 1225 363 1378 402; x_wconf 87' lang='lat' dir='ltr'>Tertius</span> <span class='ocrx_word' id='word_1_169' title='bbox 1422 359 1602 415; x_wconf 86' lang='lat' dir='ltr'>prodibat</span> <span class='ocrx_word' id='word_1_170' title='bbox 1621 385 1631 402; x_wconf 73' lang='lat'><em>2</em></span> <span class='ocrx_word' id='word_1_171' title='bbox 1663 362 1705 399; x_wconf 89' lang='lat' dir='ltr'>in</span> <span class='ocrx_word' id='word_1_172' title='bbox 1748 357 1852 401; x_wconf 86' lang='lat' dir='ltr'>scuto</span> 
     </span>
     <span class='ocr_line' id='line_1_40' title="bbox 1063 415 1853 472; baseline -0.006 -12"><span class='ocrx_word' id='word_1_173' title='bbox 1063 418 1283 461; x_wconf 86' lang='lat' dir='ltr'>monstrans</span> <span class='ocrx_word' id='word_1_174' title='bbox 1309 421 1538 463; x_wconf 88' lang='lat' dir='ltr'>Erinacium,</span> <span class='ocrx_word' id='word_1_175' title='bbox 1561 415 1707 472; x_wconf 86' lang='lat' dir='ltr'>spiculis</span> <span class='ocrx_word' id='word_1_176' title='bbox 1725 420 1853 472; x_wconf 66' lang='lat' dir='ltr'>rigun-</span> 
     </span>
     <span class='ocr_line' id='line_1_41' title="bbox 1065 474 1855 533; baseline -0.006 -15"><span class='ocrx_word' id='word_1_177' title='bbox 1065 491 1171 518; x_wconf 84' lang='lat' dir='ltr'>tem:</span> <span class='ocrx_word' id='word_1_178' title='bbox 1198 476 1441 533; x_wconf 86' lang='lat' dir='ltr'>fignificans,</span> <span class='ocrx_word' id='word_1_179' title='bbox 1476 478 1620 516; x_wconf 63' lang='lat' dir='ltr'>cuneus</span> <span class='ocrx_word' id='word_1_180' title='bbox 1655 474 1689 515; x_wconf 69' lang='lat' dir='ltr'>se</span> <span class='ocrx_word' id='word_1_181' title='bbox 1723 489 1855 530; x_wconf 90' lang='lat' dir='ltr'>parem</span> 
     </span>
     <span class='ocr_line' id='line_1_42' title="bbox 1057 531 1853 590; baseline -0.005 -14"><span class='ocrx_word' id='word_1_182' title='bbox 1057 533 1270 589; x_wconf 84' lang='lat' dir='ltr'>adversarijs</span> <span class='ocrx_word' id='word_1_183' title='bbox 1291 564 1301 580; x_wconf 89' lang='lat'>,</span> <span class='ocrx_word' id='word_1_184' title='bbox 1335 532 1557 590; x_wconf 71' lang='lat' dir='ltr'>semperque</span> <span class='ocrx_word' id='word_1_185' title='bbox 1592 547 1766 588; x_wconf 86' lang='lat' dir='ltr'>paratum</span> <span class='ocrx_word' id='word_1_186' title='bbox 1803 531 1853 572; x_wconf 86' lang='lat' dir='ltr'>ad</span> 
     </span>
     <span class='ocr_line' id='line_1_43' title="bbox 1056 591 1853 647; baseline -0.005 -13"><span class='ocrx_word' id='word_1_187' title='bbox 1056 593 1224 634; x_wconf 85' lang='lat' dir='ltr'>hostium</span> <span class='ocrx_word' id='word_1_188' title='bbox 1240 591 1394 640; x_wconf 71' lang='lat' dir='ltr'>insultus</span> <span class='ocrx_word' id='word_1_189' title='bbox 1406 591 1667 647; x_wconf 86' lang='lat' dir='ltr'>excipiendos.</span> <span class='ocrx_word' id='word_1_190' title='bbox 1726 593 1853 646; x_wconf 56' lang='lat' dir='ltr'>Qara</span> 
     </span>
     <span class='ocr_line' id='line_1_44' title="bbox 1057 648 1856 706; baseline -0.005 -14"><span class='ocrx_word' id='word_1_191' title='bbox 1057 665 1116 692; x_wconf 85' lang='lat' dir='ltr'>tus</span> <span class='ocrx_word' id='word_1_192' title='bbox 1161 650 1394 706; x_wconf 84' lang='lat' dir='ltr'>gloriabatur</span> <span class='ocrx_word' id='word_1_193' title='bbox 1434 649 1527 690; x_wconf 89' lang='lat' dir='ltr'>flore</span> <span class='ocrx_word' id='word_1_194' title='bbox 1567 648 1802 704; x_wconf 86' lang='lat' dir='ltr'>Heliotropij</span> <span class='ocrx_word' id='word_1_195' title='bbox 1841 662 1856 688; x_wconf 70' lang='grc' dir='ltr'><strong><em>τ</em></strong></span> 
     </span>
     <span class='ocr_line' id='line_1_45' title="bbox 1056 705 1855 753; baseline -0.005 -4"><span class='ocrx_word' id='word_1_196' title='bbox 1056 709 1273 750; x_wconf 81' lang='lat' dir='ltr'>monstrans</span> <span class='ocrx_word' id='word_1_197' title='bbox 1293 735 1304 753; x_wconf 89' lang='lat'>‚</span> <span class='ocrx_word' id='word_1_198' title='bbox 1344 707 1378 749; x_wconf 92' lang='lat' dir='ltr'>se</span> <span class='ocrx_word' id='word_1_199' title='bbox 1399 707 1447 748; x_wconf 87' lang='lat' dir='ltr'>ad</span> <span class='ocrx_word' id='word_1_200' title='bbox 1462 721 1624 748; x_wconf 87' lang='lat' dir='ltr'>ornnem</span> <span class='ocrx_word' id='word_1_201' title='bbox 1645 707 1741 748; x_wconf 86' lang='lat' dir='ltr'>Solis</span> <span class='ocrx_word' id='word_1_202' title='bbox 1776 705 1827 746; x_wconf 91' lang='lat' dir='ltr'>sui</span> <span class='ocrx_word' id='word_1_203' title='bbox 1842 733 1855 752; x_wconf 93' lang='lat'>,</span> 
     </span>
     <span class='ocr_line' id='line_1_46' title="bbox 1059 765 1855 823; baseline -0.006 -15"><span class='ocrx_word' id='word_1_204' title='bbox 1059 779 1201 823; x_wconf 85' lang='lat' dir='ltr'>nempe</span> <span class='ocrx_word' id='word_1_205' title='bbox 1215 770 1343 823; x_wconf 82' lang='lat' dir='ltr'>Regis,</span> <span class='ocrx_word' id='word_1_206' title='bbox 1361 781 1496 807; x_wconf 90' lang='lat' dir='ltr'>nutum</span> <span class='ocrx_word' id='word_1_207' title='bbox 1514 765 1691 822; x_wconf 85' lang='lat' dir='ltr'>pendere.</span> <span class='ocrx_word' id='word_1_208' title='bbox 1726 766 1855 820; x_wconf 84' lang='lat' dir='ltr'>Qin-</span> 
     </span>
     <span class='ocr_line' id='line_1_47' title="bbox 1057 822 1856 881; baseline -0.006 -15"><span class='ocrx_word' id='word_1_209' title='bbox 1057 838 1115 867; x_wconf 87' lang='lat' dir='ltr'>tus</span> <span class='ocrx_word' id='word_1_210' title='bbox 1136 830 1176 866; x_wconf 85' lang='lat' dir='ltr'>in</span> <span class='ocrx_word' id='word_1_211' title='bbox 1191 825 1294 866; x_wconf 91' lang='lat' dir='ltr'>scuto</span> <span class='ocrx_word' id='word_1_212' title='bbox 1322 824 1516 881; x_wconf 59' lang='lat' dir='ltr'>depictum</span> <span class='ocrx_word' id='word_1_213' title='bbox 1539 822 1693 880; x_wconf 84' lang='lat' dir='ltr'>gerebat</span> <span class='ocrx_word' id='word_1_214' title='bbox 1704 837 1856 862; x_wconf 82' lang='lat' dir='ltr'>ramum</span> 
     </span>
     <span class='ocr_line' id='line_1_48' title="bbox 1055 880 1854 940; baseline -0.006 -15"><span class='ocrx_word' id='word_1_215' title='bbox 1055 884 1226 940; x_wconf 82' lang='lat' dir='ltr'>Myrrhae</span> <span class='ocrx_word' id='word_1_216' title='bbox 1243 913 1253 930; x_wconf 93' lang='lat'>,</span> <span class='ocrx_word' id='word_1_217' title='bbox 1286 886 1348 924; x_wconf 87' lang='lat' dir='ltr'>cui</span> <span class='ocrx_word' id='word_1_218' title='bbox 1377 887 1538 923; x_wconf 84' lang='lat' dir='ltr'>innexus</span> <span class='ocrx_word' id='word_1_219' title='bbox 1577 897 1701 922; x_wconf 82' lang='lat' dir='ltr'>ramus</span> <span class='ocrx_word' id='word_1_220' title='bbox 1723 880 1854 921; x_wconf 86' lang='lat' dir='ltr'>Glice-</span> 
     </span>
     <span class='ocr_line' id='line_1_49' title="bbox 1056 942 1852 998; baseline -0.006 -15"><span class='ocrx_word' id='word_1_221' title='bbox 1056 946 1157 983; x_wconf 84' lang='lat' dir='ltr'>ritae:</span> <span class='ocrx_word' id='word_1_222' title='bbox 1191 942 1399 998; x_wconf 88' lang='lat' dir='ltr'>indigitans</span> <span class='ocrx_word' id='word_1_223' title='bbox 1424 970 1434 986; x_wconf 95' lang='lat'>,</span> <span class='ocrx_word' id='word_1_224' title='bbox 1466 942 1630 985; x_wconf 63' lang='lat' dir='ltr'>cun-sta,</span> <span class='ocrx_word' id='word_1_225' title='bbox 1672 954 1756 993; x_wconf 83' lang='lat' dir='ltr'>quae</span> <span class='ocrx_word' id='word_1_226' title='bbox 1782 953 1852 994; x_wconf 91' lang='lat' dir='ltr'>pro</span> 
     </span>
    </p>
   </div>
   <div class='ocr_carea' id='block_1_16' title="bbox 997 996 1853 1058">
    <p class='ocr_par' dir='ltr' id='par_1_18' title="bbox 997 996 1853 1058">
     <span class='ocr_line' id='line_1_50' title="bbox 997 996 1853 1058; baseline -0.008 -15"><span class='ocrx_word' id='word_1_227' title='bbox 997 1008 999 1010; x_wconf 82' lang='grc'><strong>’</strong></span> <span class='ocrx_word' id='word_1_228' title='bbox 1057 1003 1174 1058; x_wconf 88' lang='lat' dir='ltr'>Regis</span> <span class='ocrx_word' id='word_1_229' title='bbox 1200 1000 1322 1058; x_wconf 64' lang='lat' dir='ltr'>gloria</span> <span class='ocrx_word' id='word_1_230' title='bbox 1347 997 1572 1055; x_wconf 71' lang='lat' dir='ltr'>degustasset</span> <span class='ocrx_word' id='word_1_231' title='bbox 1591 1012 1740 1043; x_wconf 73' lang='lat' dir='ltr'>amara,</span> <span class='ocrx_word' id='word_1_232' title='bbox 1768 996 1853 1037; x_wconf 83' lang='lat' dir='ltr'>dul-</span> 
     </span>
    </p>
   </div>
   <div class='ocr_carea' id='block_1_17' title="bbox 1054 1054 1862 1406">
    <p class='ocr_par' dir='ltr' id='par_1_19' title="bbox 1054 1054 1862 1406">
     <span class='ocr_line' id='line_1_51' title="bbox 1055 1054 1861 1111; baseline -0.006 -12"><span class='ocrx_word' id='word_1_233' title='bbox 1055 1059 1198 1100; x_wconf 83' lang='lat' dir='ltr'>ciafibi</span> <span class='ocrx_word' id='word_1_234' title='bbox 1229 1058 1304 1100; x_wconf 85' lang='lat' dir='ltr'>visa</span> <span class='ocrx_word' id='word_1_235' title='bbox 1346 1056 1460 1098; x_wconf 80' lang='lat' dir='ltr'>fuiffe.</span> <span class='ocrx_word' id='word_1_236' title='bbox 1522 1059 1654 1098; x_wconf 81' lang='lat' dir='ltr'>Sextus</span> <span class='ocrx_word' id='word_1_237' title='bbox 1687 1054 1861 1111; x_wconf 80' lang='lat' dir='ltr'>praefere-</span> 
     </span>
     <span class='ocr_line' id='line_1_52' title="bbox 1054 1112 1858 1170; baseline -0.006 -12"><span class='ocrx_word' id='word_1_238' title='bbox 1054 1115 1123 1158; x_wconf 81' lang='lat' dir='ltr'>bat</span> <span class='ocrx_word' id='word_1_239' title='bbox 1152 1117 1376 1157; x_wconf 87' lang='lat' dir='ltr'>Anchoram</span> <span class='ocrx_word' id='word_1_240' title='bbox 1389 1146 1399 1162; x_wconf 91' lang='lat'><em>‚</em></span> <span class='ocrx_word' id='word_1_241' title='bbox 1431 1129 1515 1170; x_wconf 84' lang='lat' dir='ltr'>quae</span> <span class='ocrx_word' id='word_1_242' title='bbox 1528 1118 1611 1170; x_wconf 91' lang='lat' dir='ltr'>rupi</span> <span class='ocrx_word' id='word_1_243' title='bbox 1625 1112 1858 1160; x_wconf 79' lang='lat' dir='ltr'>adhaerebat,</span> 
     </span>
     <span class='ocr_line' id='line_1_53' title="bbox 1054 1173 1862 1231; baseline -0.004 -15"><span class='ocrx_word' id='word_1_244' title='bbox 1054 1180 1116 1216; x_wconf 86' lang='lat' dir='ltr'>cui</span> <span class='ocrx_word' id='word_1_245' title='bbox 1145 1178 1268 1231; x_wconf 87' lang='lat' dir='ltr'>Regia</span> <span class='ocrx_word' id='word_1_246' title='bbox 1291 1175 1451 1231; x_wconf 79' lang='lat' dir='ltr'>insignia</span> <span class='ocrx_word' id='word_1_247' title='bbox 1476 1173 1592 1213; x_wconf 82' lang='lat' dir='ltr'>incisa</span> <span class='ocrx_word' id='word_1_248' title='bbox 1613 1186 1740 1218; x_wconf 87' lang='lat' dir='ltr'>erant,</span> <span class='ocrx_word' id='word_1_249' title='bbox 1768 1186 1862 1213; x_wconf 85' lang='lat' dir='ltr'>cum</span> 
     </span>
     <span class='ocr_line' id='line_1_54' title="bbox 1055 1230 1861 1286; baseline -0.005 -12"><span class='ocrx_word' id='word_1_250' title='bbox 1055 1234 1257 1274; x_wconf 85' lang='lat' dir='ltr'>lemmate:</span> <span class='ocrx_word' id='word_1_251' title='bbox 1291 1234 1386 1272; x_wconf 74' lang='lat' dir='ltr'>‘Mihi</span> <span class='ocrx_word' id='word_1_252' title='bbox 1409 1231 1566 1271; x_wconf 78' lang='lat' dir='ltr'>adhaerere</span> <span class='ocrx_word' id='word_1_253' title='bbox 1578 1230 1704 1271; x_wconf 83' lang='lat' dir='ltr'>bonum.</span> <span class='ocrx_word' id='word_1_254' title='bbox 1737 1233 1861 1286; x_wconf 69' lang='lat' dir='ltr'>Septi&lt;</span> 
     </span>
     <span class='ocr_line' id='line_1_55' title="bbox 1054 1291 1860 1346; baseline -0.005 -14"><span class='ocrx_word' id='word_1_255' title='bbox 1054 1307 1139 1332; x_wconf 86' lang='lat' dir='ltr'>mus</span> <span class='ocrx_word' id='word_1_256' title='bbox 1163 1297 1204 1332; x_wconf 89' lang='lat' dir='ltr'>in</span> <span class='ocrx_word' id='word_1_257' title='bbox 1253 1291 1358 1332; x_wconf 90' lang='lat' dir='ltr'>scuto</span> <span class='ocrx_word' id='word_1_258' title='bbox 1383 1291 1578 1346; x_wconf 50' lang='lat' dir='ltr'>depictum</span> <span class='ocrx_word' id='word_1_259' title='bbox 1617 1303 1860 1329; x_wconf 83' lang='lat' dir='ltr'>tormentum</span> 
     </span>
     <span class='ocr_line' id='line_1_56' title="bbox 1056 1348 1860 1406; baseline -0.005 -16"><span class='ocrx_word' id='word_1_260' title='bbox 1056 1350 1242 1390; x_wconf 89' lang='lat' dir='ltr'>bellicum</span> <span class='ocrx_word' id='word_1_261' title='bbox 1271 1348 1447 1406; x_wconf 81' lang='lat' dir='ltr'>gerebat,</span> <span class='ocrx_word' id='word_1_262' title='bbox 1480 1351 1541 1388; x_wconf 88' lang='lat' dir='ltr'>cui</span> <span class='ocrx_word' id='word_1_263' title='bbox 1567 1362 1703 1387; x_wconf 88' lang='lat' dir='ltr'>manus</span> <span class='ocrx_word' id='word_1_264' title='bbox 1724 1350 1860 1403; x_wconf 86' lang='lat' dir='ltr'>ignem</span> 
     </span>
    </p>
   </div>
   <div class='ocr_carea' id='block_1_18' title="bbox 1006 1405 1862 1463">
    <p class='ocr_par' dir='ltr' id='par_1_20' title="bbox 1006 1405 1862 1463">
     <span class='ocr_line' id='line_1_57' title="bbox 1006 1405 1862 1463; baseline -0.005 -15"><span class='ocrx_word' id='word_1_265' title='bbox 1006 1415 1007 1419; x_wconf 78' lang='grc'>’</span> <span class='ocrx_word' id='word_1_266' title='bbox 1056 1407 1228 1463; x_wconf 86' lang='lat' dir='ltr'>scipione</span> <span class='ocrx_word' id='word_1_267' title='bbox 1250 1406 1507 1451; x_wconf 80' lang='lat' dir='ltr'>admovebat,</span> <span class='ocrx_word' id='word_1_268' title='bbox 1536 1409 1597 1446; x_wconf 88' lang='lat' dir='ltr'>cui</span> <span class='ocrx_word' id='word_1_269' title='bbox 1611 1405 1862 1460; x_wconf 82' lang='lat' dir='ltr'>adscriptum:</span> 
     </span>
    </p>
   </div>
   <div class='ocr_carea' id='block_1_19' title="bbox 1042 1463 1862 3206">
    <p class='ocr_par' dir='ltr' id='par_1_21' title="bbox 1042 1463 1862 1753">
     <span class='ocr_line' id='line_1_58' title="bbox 1042 1463 1860 1521; baseline -0.002 -17"><span class='ocrx_word' id='word_1_270' title='bbox 1042 1465 1076 1521; x_wconf 86' lang='lat' dir='ltr'><em>fi</em></span> <span class='ocrx_word' id='word_1_271' title='bbox 1095 1479 1232 1521; x_wconf 84' lang='lat' dir='ltr'>tangor,</span> <span class='ocrx_word' id='word_1_272' title='bbox 1269 1479 1350 1505; x_wconf 87' lang='lat' dir='ltr'>tono.</span> <span class='ocrx_word' id='word_1_273' title='bbox 1424 1464 1658 1517; x_wconf 81' lang='lat' dir='ltr'>Sequebatur</span> <span class='ocrx_word' id='word_1_274' title='bbox 1698 1463 1860 1503; x_wconf 81' lang='lat' dir='ltr'>tandem</span> 
     </span>
     <span class='ocr_line' id='line_1_59' title="bbox 1052 1519 1861 1579; baseline -0.004 -15"><span class='ocrx_word' id='word_1_275' title='bbox 1052 1522 1191 1569; x_wconf 73' lang='lat' dir='ltr'>hosce,</span> <span class='ocrx_word' id='word_1_276' title='bbox 1223 1529 1264 1565; x_wconf 88' lang='lat'>&amp;</span> <span class='ocrx_word' id='word_1_277' title='bbox 1283 1522 1408 1579; x_wconf 91' lang='lat' dir='ltr'>plures</span> <span class='ocrx_word' id='word_1_278' title='bbox 1444 1521 1539 1562; x_wconf 86' lang='lat' dir='ltr'>alios</span> <span class='ocrx_word' id='word_1_279' title='bbox 1567 1524 1680 1566; x_wconf 82' lang='lat' dir='ltr'>Rex,</span> <span class='ocrx_word' id='word_1_280' title='bbox 1713 1519 1861 1561; x_wconf 88' lang='lat' dir='ltr'>scutum</span> 
     </span>
     <span class='ocr_line' id='line_1_60' title="bbox 1055 1579 1860 1638; baseline -0.005 -16"><span class='ocrx_word' id='word_1_281' title='bbox 1055 1581 1262 1638; x_wconf 78' lang='lat' dir='ltr'>praeferens</span> <span class='ocrx_word' id='word_1_282' title='bbox 1305 1595 1462 1621; x_wconf 89' lang='lat' dir='ltr'>aureum</span> <span class='ocrx_word' id='word_1_283' title='bbox 1477 1607 1487 1623; x_wconf 88' lang='grc'>,</span> <span class='ocrx_word' id='word_1_284' title='bbox 1520 1579 1582 1619; x_wconf 91' lang='lat' dir='ltr'>cui</span> <span class='ocrx_word' id='word_1_285' title='bbox 1601 1581 1763 1620; x_wconf 91' lang='lat' dir='ltr'>Corona</span> <span class='ocrx_word' id='word_1_286' title='bbox 1780 1581 1860 1620; x_wconf 51' lang='lat' dir='ltr'>Re„</span> 
     </span>
     <span class='ocr_line' id='line_1_61' title="bbox 1056 1637 1862 1697; baseline -0.004 -17"><span class='ocrx_word' id='word_1_287' title='bbox 1056 1644 1119 1697; x_wconf 85' lang='lat' dir='ltr'>gia</span> <span class='ocrx_word' id='word_1_288' title='bbox 1141 1638 1276 1684; x_wconf 86' lang='lat' dir='ltr'>incisa,</span> <span class='ocrx_word' id='word_1_289' title='bbox 1305 1653 1396 1680; x_wconf 89' lang='lat' dir='ltr'>cum</span> <span class='ocrx_word' id='word_1_290' title='bbox 1410 1638 1592 1679; x_wconf 75' lang='lat' dir='ltr'>Leffiate:</span> <span class='ocrx_word' id='word_1_291' title='bbox 1621 1640 1662 1677; x_wconf 85' lang='lat' dir='ltr'>In</span> <span class='ocrx_word' id='word_1_292' title='bbox 1678 1653 1725 1676; x_wconf 88' lang='lat' dir='ltr'>me</span> <span class='ocrx_word' id='word_1_293' title='bbox 1740 1637 1862 1677; x_wconf 83' lang='lat' dir='ltr'>omnia.</span> 
     </span>
     <span class='ocr_line' id='line_1_62' title="bbox 1143 1694 1858 1753; baseline -0.007 -14"><span class='ocrx_word' id='word_1_294' title='bbox 1143 1702 1180 1740; x_wconf 89' lang='lat' dir='ltr'>Si</span> <span class='ocrx_word' id='word_1_295' title='bbox 1192 1698 1213 1738; x_wconf 70' lang='grc' dir='ltr'>ὲ</span> <span class='ocrx_word' id='word_1_296' title='bbox 1229 1697 1404 1753; x_wconf 90' lang='lat' dir='ltr'>supremo</span> <span class='ocrx_word' id='word_1_297' title='bbox 1415 1699 1456 1738; x_wconf 92' lang='lat' dir='ltr'>N</span> <span class='ocrx_word' id='word_1_298' title='bbox 1461 1694 1771 1737; x_wconf 75' lang='lat' dir='ltr'>umineCoelestis</span> <span class='ocrx_word' id='word_1_299' title='bbox 1781 1697 1858 1735; x_wconf 78' lang='lat' dir='ltr'>Au-</span> 
     </span>
    </p>

    <p class='ocr_par' dir='ltr' id='par_1_22' title="bbox 1056 1754 1858 2281">
     <span class='ocr_line' id='line_1_63' title="bbox 1060 1754 1858 1812; baseline -0.003 -15"><span class='ocrx_word' id='word_1_300' title='bbox 1060 1754 1106 1796; x_wconf 84' lang='lat' dir='ltr'>lae</span> <span class='ocrx_word' id='word_1_301' title='bbox 1123 1756 1286 1812; x_wconf 76' lang='lat' dir='ltr'>proceri&#39;.</span> <span class='ocrx_word' id='word_1_302' title='bbox 1301 1772 1342 1796; x_wconf 74' lang='grc' dir='ltr'>ἰς</span> <span class='ocrx_word' id='word_1_303' title='bbox 1358 1754 1636 1796; x_wconf 84' lang='lat' dir='ltr'>concederetur</span> <span class='ocrx_word' id='word_1_304' title='bbox 1659 1760 1668 1803; x_wconf 87' lang='lat'>(</span> <span class='ocrx_word' id='word_1_305' title='bbox 1687 1767 1801 1809; x_wconf 87' lang='lat' dir='ltr'>prout</span> <span class='ocrx_word' id='word_1_306' title='bbox 1815 1759 1858 1795; x_wconf 71' lang='lat' dir='ltr'>&amp;t</span> 
     </span>
     <span class='ocr_line' id='line_1_64' title="bbox 1058 1813 1855 1862; baseline -0.004 -8"><span class='ocrx_word' id='word_1_307' title='bbox 1058 1817 1142 1855; x_wconf 65' lang='lat' dir='ltr'>aestu</span> <span class='ocrx_word' id='word_1_308' title='bbox 1176 1819 1216 1855; x_wconf 91' lang='lat' dir='ltr'>in</span> <span class='ocrx_word' id='word_1_309' title='bbox 1240 1813 1360 1856; x_wconf 86' lang='lat' dir='ltr'>Coelis</span> <span class='ocrx_word' id='word_1_310' title='bbox 1381 1813 1634 1862; x_wconf 88' lang='lat' dir='ltr'>conceditur)</span> <span class='ocrx_word' id='word_1_311' title='bbox 1668 1814 1855 1852; x_wconf 74' lang='lat' dir='ltr'>Mariana:</span> 
     </span>
     <span class='ocr_line' id='line_1_65' title="bbox 1058 1868 1856 1929; baseline -0.006 -15"><span class='ocrx_word' id='word_1_312' title='bbox 1058 1875 1342 1929; x_wconf 88' lang='lat' dir='ltr'>Conceptionis</span> <span class='ocrx_word' id='word_1_313' title='bbox 1380 1871 1662 1913; x_wconf 87' lang='lat' dir='ltr'>Solennitatem</span> <span class='ocrx_word' id='word_1_314' title='bbox 1695 1868 1856 1910; x_wconf 63' lang='lat' dir='ltr'>amabili</span> 
     </span>
     <span class='ocr_line' id='line_1_66' title="bbox 1056 1927 1853 1988; baseline -0.006 -16"><span class='ocrx_word' id='word_1_315' title='bbox 1056 1930 1118 1972; x_wconf 65' lang='lat' dir='ltr'>sua</span> <span class='ocrx_word' id='word_1_316' title='bbox 1134 1931 1327 1988; x_wconf 63' lang='lat' dir='ltr'>praesentia</span> <span class='ocrx_word' id='word_1_317' title='bbox 1343 1930 1604 1971; x_wconf 87' lang='lat' dir='ltr'>condecorare</span> <span class='ocrx_word' id='word_1_318' title='bbox 1620 1958 1630 1974; x_wconf 95' lang='lat'>,</span> <span class='ocrx_word' id='word_1_319' title='bbox 1652 1927 1853 1984; x_wconf 84' lang='lat' dir='ltr'>prodirent</span> 
     </span>
     <span class='ocr_line' id='line_1_67' title="bbox 1058 1987 1852 2045; baseline -0.005 -16"><span class='ocrx_word' id='word_1_320' title='bbox 1058 1989 1114 2030; x_wconf 85' lang='lat' dir='ltr'>illi</span> <span class='ocrx_word' id='word_1_321' title='bbox 1128 1994 1258 2045; x_wconf 85' lang='lat' dir='ltr'>utique</span> <span class='ocrx_word' id='word_1_322' title='bbox 1283 1989 1427 2045; x_wconf 90' lang='lat' dir='ltr'>longo,</span> <span class='ocrx_word' id='word_1_323' title='bbox 1455 1995 1497 2030; x_wconf 83' lang='lat'>&amp;</span> <span class='ocrx_word' id='word_1_324' title='bbox 1519 1987 1678 2029; x_wconf 88' lang='lat' dir='ltr'>venusto</span> <span class='ocrx_word' id='word_1_325' title='bbox 1700 1987 1852 2031; x_wconf 77' lang='lat' dir='ltr'>ordine,</span> 
     </span>
     <span class='ocr_line' id='line_1_68' title="bbox 1057 2045 1850 2099; baseline -0.005 -10"><span class='ocrx_word' id='word_1_326' title='bbox 1057 2047 1188 2095; x_wconf 79' lang='lat' dir='ltr'>scutis,</span> <span class='ocrx_word' id='word_1_327' title='bbox 1212 2064 1257 2088; x_wconf 90' lang='lat' dir='ltr'>ac</span> <span class='ocrx_word' id='word_1_328' title='bbox 1269 2045 1415 2089; x_wconf 84' lang='lat' dir='ltr'>vexillis</span> <span class='ocrx_word' id='word_1_329' title='bbox 1431 2047 1540 2099; x_wconf 85' lang='lat' dir='ltr'>varijs</span> <span class='ocrx_word' id='word_1_330' title='bbox 1566 2048 1751 2086; x_wconf 81' lang='lat' dir='ltr'>exornati.</span> <span class='ocrx_word' id='word_1_331' title='bbox 1791 2058 1850 2085; x_wconf 78' lang='lat' dir='ltr'>at·-</span> 
     </span>
     <span class='ocr_line' id='line_1_69' title="bbox 1058 2103 1852 2162; baseline -0.008 -15"><span class='ocrx_word' id='word_1_332' title='bbox 1058 2122 1134 2161; x_wconf 88' lang='lat' dir='ltr'>que</span> <span class='ocrx_word' id='word_1_333' title='bbox 1166 2113 1231 2157; x_wconf 88' lang='lat' dir='ltr'>(ut</span> <span class='ocrx_word' id='word_1_334' title='bbox 1242 2105 1335 2147; x_wconf 86' lang='lat' dir='ltr'>solas</span> <span class='ocrx_word' id='word_1_335' title='bbox 1357 2107 1554 2162; x_wconf 84' lang='lat' dir='ltr'>Virgines,</span> <span class='ocrx_word' id='word_1_336' title='bbox 1585 2104 1717 2161; x_wconf 77' lang='lat' dir='ltr'>Virgini</span> <span class='ocrx_word' id='word_1_337' title='bbox 1735 2103 1852 2159; x_wconf 64' lang='lat' dir='ltr'>Virgi-</span> 
     </span>
     <span class='ocr_line' id='line_1_70' title="bbox 1061 2160 1850 2221; baseline -0.006 -16"><span class='ocrx_word' id='word_1_338' title='bbox 1061 2181 1136 2205; x_wconf 82' lang='lat' dir='ltr'>num</span> <span class='ocrx_word' id='word_1_339' title='bbox 1150 2170 1396 2221; x_wconf 82' lang='lat' dir='ltr'>comparem)</span> <span class='ocrx_word' id='word_1_340' title='bbox 1415 2163 1583 2220; x_wconf 90' lang='lat' dir='ltr'>prodiret</span> <span class='ocrx_word' id='word_1_341' title='bbox 1591 2165 1741 2218; x_wconf 86' lang='lat' dir='ltr'>Agnes,</span> <span class='ocrx_word' id='word_1_342' title='bbox 1772 2160 1850 2201; x_wconf 87' lang='lat' dir='ltr'>scu-</span> 
     </span>
     <span class='ocr_line' id='line_1_71' title="bbox 1062 2219 1850 2281; baseline -0.009 -16"><span class='ocrx_word' id='word_1_343' title='bbox 1062 2237 1104 2265; x_wconf 93' lang='lat' dir='ltr'>to</span> <span class='ocrx_word' id='word_1_344' title='bbox 1124 2226 1281 2281; x_wconf 83' lang='lat' dir='ltr'>Agnum</span> <span class='ocrx_word' id='word_1_345' title='bbox 1320 2237 1455 2263; x_wconf 87' lang='lat' dir='ltr'>tenens</span> <span class='ocrx_word' id='word_1_346' title='bbox 1493 2219 1787 2261; x_wconf 81' lang='lat' dir='ltr'>immaculatum</span> <span class='ocrx_word' id='word_1_347' title='bbox 1838 2248 1850 2265; x_wconf 88' lang='lat'>‚</span> 
     </span>
    </p>

    <p class='ocr_par' dir='ltr' id='par_1_23' title="bbox 1059 2276 1854 2624">
     <span class='ocr_line' id='line_1_72' title="bbox 1061 2276 1851 2336; baseline -0.009 -13"><span class='ocrx_word' id='word_1_348' title='bbox 1061 2281 1147 2336; x_wconf 86' lang='lat' dir='ltr'>lilijs</span> <span class='ocrx_word' id='word_1_349' title='bbox 1169 2295 1426 2326; x_wconf 88' lang='lat' dir='ltr'>coronatum,</span> <span class='ocrx_word' id='word_1_350' title='bbox 1467 2295 1558 2320; x_wconf 91' lang='lat' dir='ltr'>curn</span> <span class='ocrx_word' id='word_1_351' title='bbox 1569 2278 1772 2319; x_wconf 86' lang='lat' dir='ltr'>lemmate:</span> <span class='ocrx_word' id='word_1_352' title='bbox 1794 2276 1851 2332; x_wconf 70' lang='lat' dir='ltr'>ft·</span> 
     </span>
     <span class='ocr_line' id='line_1_73' title="bbox 1059 2337 1849 2398; baseline -0.008 -17"><span class='ocrx_word' id='word_1_353' title='bbox 1059 2357 1136 2398; x_wconf 87' lang='lat' dir='ltr'>quor</span> <span class='ocrx_word' id='word_1_354' title='bbox 1165 2355 1344 2398; x_wconf 79' lang='lat' dir='ltr'>quocunque</span> <span class='ocrx_word' id='word_1_355' title='bbox 1370 2339 1468 2378; x_wconf 84' lang='lat' dir='ltr'>ierit:</span> <span class='ocrx_word' id='word_1_356' title='bbox 1500 2338 1671 2394; x_wconf 90' lang='lat' dir='ltr'>prodiret</span> <span class='ocrx_word' id='word_1_357' title='bbox 1712 2337 1849 2382; x_wconf 80' lang='lat' dir='ltr'>Lucia,</span> 
     </span>
     <span class='ocr_line' id='line_1_74' title="bbox 1060 2391 1853 2455; baseline -0.008 -15"><span class='ocrx_word' id='word_1_358' title='bbox 1060 2398 1164 2440; x_wconf 86' lang='lat' dir='ltr'>scuto</span> <span class='ocrx_word' id='word_1_359' title='bbox 1185 2414 1322 2455; x_wconf 87' lang='lat' dir='ltr'>rogum</span> <span class='ocrx_word' id='word_1_360' title='bbox 1340 2391 1475 2438; x_wconf 78' lang='lat' dir='ltr'>tenens</span> <span class='ocrx_word' id='word_1_361' title='bbox 1493 2394 1694 2436; x_wconf 84' lang='lat' dir='ltr'>accensum</span> <span class='ocrx_word' id='word_1_362' title='bbox 1707 2424 1718 2441; x_wconf 89' lang='lat'>,</span> <span class='ocrx_word' id='word_1_363' title='bbox 1747 2409 1790 2434; x_wconf 80' lang='lat' dir='ltr'>ac</span> <span class='ocrx_word' id='word_1_364' title='bbox 1811 2398 1853 2435; x_wconf 84' lang='lat' dir='ltr'>in</span> 
     </span>
     <span class='ocr_line' id='line_1_75' title="bbox 1060 2453 1847 2508; baseline -0.008 -10"><span class='ocrx_word' id='word_1_365' title='bbox 1060 2473 1110 2498; x_wconf 89' lang='lat' dir='ltr'>eo</span> <span class='ocrx_word' id='word_1_366' title='bbox 1125 2455 1414 2499; x_wconf 80' lang='lat' dir='ltr'>Salamandram</span> <span class='ocrx_word' id='word_1_367' title='bbox 1428 2484 1439 2501; x_wconf 87' lang='lat'>,</span> <span class='ocrx_word' id='word_1_368' title='bbox 1469 2470 1559 2495; x_wconf 91' lang='lat' dir='ltr'>cum</span> <span class='ocrx_word' id='word_1_369' title='bbox 1578 2453 1847 2508; x_wconf 87' lang='lat' dir='ltr'>inscriptione:</span> 
     </span>
     <span class='ocr_line' id='line_1_76' title="bbox 1061 2509 1851 2571; baseline -0.009 -16"><span class='ocrx_word' id='word_1_370' title='bbox 1061 2517 1094 2555; x_wconf 85' lang='lat' dir='ltr'>in</span> <span class='ocrx_word' id='word_1_371' title='bbox 1118 2513 1219 2555; x_wconf 88' lang='lat' dir='ltr'>medio</span> <span class='ocrx_word' id='word_1_372' title='bbox 1237 2515 1319 2571; x_wconf 78' lang='lat' dir='ltr'>ignis</span> <span class='ocrx_word' id='word_1_373' title='bbox 1339 2530 1401 2554; x_wconf 84' lang='lat' dir='ltr'>non</span> <span class='ocrx_word' id='word_1_374' title='bbox 1412 2513 1485 2569; x_wconf 72' lang='lat' dir='ltr'>fiam</span> <span class='ocrx_word' id='word_1_375' title='bbox 1495 2512 1640 2568; x_wconf 63' lang='lat' dir='ltr'>aestuata:</span> <span class='ocrx_word' id='word_1_376' title='bbox 1663 2509 1851 2551; x_wconf 78' lang='lat' dir='ltr'>monstra·</span> 
     </span>
     <span class='ocr_line' id='line_1_77' title="bbox 1063 2568 1854 2624; baseline -0.006 -10"><span class='ocrx_word' id='word_1_377' title='bbox 1063 2587 1119 2614; x_wconf 91' lang='lat' dir='ltr'>ret</span> <span class='ocrx_word' id='word_1_378' title='bbox 1134 2572 1298 2614; x_wconf 78' lang='lat' dir='ltr'>Barbam</span> <span class='ocrx_word' id='word_1_379' title='bbox 1318 2575 1454 2613; x_wconf 88' lang='lat' dir='ltr'>turrim</span> <span class='ocrx_word' id='word_1_380' title='bbox 1481 2600 1491 2617; x_wconf 91' lang='lat'>‚</span> <span class='ocrx_word' id='word_1_381' title='bbox 1521 2574 1583 2611; x_wconf 90' lang='lat' dir='ltr'>cui</span> <span class='ocrx_word' id='word_1_382' title='bbox 1602 2568 1854 2624; x_wconf 59' lang='lat' dir='ltr'>adscriptum&amp;</span> 
     </span>
    </p>

    <p class='ocr_par' dir='ltr' id='par_1_24' title="bbox 1064 2625 1857 2687">
     <span class='ocr_line' id='line_1_78' title="bbox 1064 2625 1857 2687; baseline -0.01 -15"><span class='ocrx_word' id='word_1_383' title='bbox 1064 2633 1179 2672; x_wconf 55' lang='lat' dir='ltr'>Tamis</span> <span class='ocrx_word' id='word_1_384' title='bbox 1204 2632 1374 2687; x_wconf 79' lang='lat' dir='ltr'>sortiffima</span> <span class='ocrx_word' id='word_1_385' title='bbox 1405 2632 1536 2669; x_wconf 82' lang='lat' dir='ltr'>Nomen</span> <span class='ocrx_word' id='word_1_386' title='bbox 1561 2628 1700 2668; x_wconf 84' lang='lat' dir='ltr'>Domini.</span> <span class='ocrx_word' id='word_1_387' title='bbox 1762 2625 1857 2666; x_wconf 88' lang='lat' dir='ltr'>Ad.</span> 
     </span>
    </p>

    <p class='ocr_par' dir='ltr' id='par_1_25' title="bbox 1064 2682 1853 2744">
     <span class='ocr_line' id='line_1_79' title="bbox 1064 2682 1853 2744; baseline -0.009 -14"><span class='ocrx_word' id='word_1_388' title='bbox 1064 2690 1176 2730; x_wconf 90' lang='lat' dir='ltr'>ferret</span> <span class='ocrx_word' id='word_1_389' title='bbox 1195 2688 1328 2731; x_wconf 81' lang='lat' dir='ltr'>Ursula</span> <span class='ocrx_word' id='word_1_390' title='bbox 1360 2689 1507 2744; x_wconf 87' lang='lat' dir='ltr'>sagittas</span> <span class='ocrx_word' id='word_1_391' title='bbox 1532 2686 1618 2740; x_wconf 83' lang='lat' dir='ltr'>lilijs</span> <span class='ocrx_word' id='word_1_392' title='bbox 1638 2682 1853 2730; x_wconf 63' lang='lat' dir='ltr'>involutas,</span> 
     </span>
    </p>

    <p class='ocr_par' dir='ltr' id='par_1_26' title="bbox 1064 2741 1854 2803">
     <span class='ocr_line' id='line_1_80' title="bbox 1064 2741 1854 2803; baseline -0.011 -14"><span class='ocrx_word' id='word_1_393' title='bbox 1064 2748 1201 2803; x_wconf 87' lang='lat' dir='ltr'>quibus</span> <span class='ocrx_word' id='word_1_394' title='bbox 1227 2747 1470 2803; x_wconf 88' lang='lat' dir='ltr'>subscriptum</span> <span class='ocrx_word' id='word_1_395' title='bbox 1497 2760 1505 2783; x_wconf 90' lang='lat'>:</span> <span class='ocrx_word' id='word_1_396' title='bbox 1527 2756 1734 2801; x_wconf 66' lang='lat' dir='ltr'>paraverunt</span> <span class='ocrx_word' id='word_1_397' title='bbox 1749 2741 1854 2797; x_wconf 75' lang='lat' dir='ltr'>fizgit-</span> 
     </span>
    </p>

    <p class='ocr_par' dir='ltr' id='par_1_27' title="bbox 1067 2798 1855 2862">
     <span class='ocr_line' id='line_1_81' title="bbox 1067 2798 1855 2862; baseline -0.009 -14"><span class='ocrx_word' id='word_1_398' title='bbox 1067 2821 1113 2848; x_wconf 58' lang='grc' dir='ltr'>τως</span> <span class='ocrx_word' id='word_1_399' title='bbox 1131 2806 1212 2862; x_wconf 67' lang='lat' dir='ltr'>fim.</span> <span class='ocrx_word' id='word_1_400' title='bbox 1249 2804 1373 2861; x_wconf 60' lang='lat' dir='ltr'>sicque</span> <span class='ocrx_word' id='word_1_401' title='bbox 1405 2801 1585 2848; x_wconf 86' lang='lat' dir='ltr'>milleni,</span> <span class='ocrx_word' id='word_1_402' title='bbox 1616 2816 1659 2841; x_wconf 86' lang='lat' dir='ltr'>ac</span> <span class='ocrx_word' id='word_1_403' title='bbox 1684 2798 1855 2841; x_wconf 72' lang='lat' dir='ltr'>millena:</span> 
     </span>
    </p>

    <p class='ocr_par' dir='ltr' id='par_1_28' title="bbox 1068 2857 1854 2908">
     <span class='ocr_line' id='line_1_82' title="bbox 1068 2857 1854 2908; baseline -0.009 -2"><span class='ocrx_word' id='word_1_404' title='bbox 1068 2864 1312 2906; x_wconf 69' lang='lat' dir='ltr'>succederent</span> <span class='ocrx_word' id='word_1_405' title='bbox 1330 2893 1338 2908; x_wconf 95' lang='lat'>,</span> <span class='ocrx_word' id='word_1_406' title='bbox 1367 2863 1494 2903; x_wconf 91' lang='lat' dir='ltr'>donec</span> <span class='ocrx_word' id='word_1_407' title='bbox 1523 2857 1659 2900; x_wconf 84' lang='lat' dir='ltr'>ultima</span> <span class='ocrx_word' id='word_1_408' title='bbox 1694 2857 1854 2899; x_wconf 73' lang='lat' dir='ltr'>demum</span> 
     </span>
    </p>

    <p class='ocr_par' dir='ltr' id='par_1_29' title="bbox 1064 2917 1851 2980">
     <span class='ocr_line' id='line_1_83' title="bbox 1064 2917 1851 2980; baseline -0.009 -17"><span class='ocrx_word' id='word_1_409' title='bbox 1064 2924 1236 2980; x_wconf 86' lang='lat' dir='ltr'>prodiret</span> <span class='ocrx_word' id='word_1_410' title='bbox 1247 2923 1415 2965; x_wconf 76' lang='lat' dir='ltr'>MARIA,</span> <span class='ocrx_word' id='word_1_411' title='bbox 1444 2920 1577 2958; x_wconf 87' lang='lat' dir='ltr'>omnia</span> <span class='ocrx_word' id='word_1_412' title='bbox 1590 2917 1724 2956; x_wconf 77' lang='lat' dir='ltr'>haecin</span> <span class='ocrx_word' id='word_1_413' title='bbox 1749 2931 1851 2962; x_wconf 88' lang='lat' dir='ltr'>uno,</span> 
     </span>
    </p>

    <p class='ocr_par' dir='ltr' id='par_1_30' title="bbox 1064 2975 1854 3034">
     <span class='ocr_line' id='line_1_84' title="bbox 1064 2975 1854 3034; baseline -0.009 -12"><span class='ocrx_word' id='word_1_414' title='bbox 1064 2985 1085 3034; x_wconf 95' lang='lat' dir='ltr'>J</span> <span class='ocrx_word' id='word_1_415' title='bbox 1102 2983 1129 3021; x_wconf 83' lang='lat' dir='ltr'>E</span> <span class='ocrx_word' id='word_1_416' title='bbox 1146 2984 1168 3022; x_wconf 84' lang='lat' dir='ltr'><strong>S</strong></span> <span class='ocrx_word' id='word_1_417' title='bbox 1185 2986 1221 3021; x_wconf 90' lang='lat' dir='ltr'>U</span> <span class='ocrx_word' id='word_1_418' title='bbox 1243 2978 1324 3033; x_wconf 82' lang='lat' dir='ltr'>Filij</span> <span class='ocrx_word' id='word_1_419' title='bbox 1342 2978 1415 3022; x_wconf 85' lang='lat' dir='ltr'>sui,</span> <span class='ocrx_word' id='word_1_420' title='bbox 1446 2975 1657 3015; x_wconf 70' lang='lat' dir='ltr'>dulcissimo</span> <span class='ocrx_word' id='word_1_421' title='bbox 1678 2975 1854 3015; x_wconf 84' lang='lat' dir='ltr'>Nomine</span> 
     </span>
    </p>

    <p class='ocr_par' dir='ltr' id='par_1_31' title="bbox 1065 3031 1853 3088">
     <span class='ocr_line' id='line_1_85' title="bbox 1065 3031 1853 3088; baseline -0.011 -9"><span class='ocrx_word' id='word_1_422' title='bbox 1065 3042 1291 3083; x_wconf 88' lang='lat' dir='ltr'>continens,</span> <span class='ocrx_word' id='word_1_423' title='bbox 1322 3051 1411 3075; x_wconf 88' lang='lat' dir='ltr'>cum</span> <span class='ocrx_word' id='word_1_424' title='bbox 1430 3031 1720 3088; x_wconf 79' lang='lat' dir='ltr'>fiibscriptione:</span> <span class='ocrx_word' id='word_1_425' title='bbox 1752 3035 1792 3071; x_wconf 80' lang='lat' dir='ltr'>In</span> <span class='ocrx_word' id='word_1_426' title='bbox 1805 3045 1853 3071; x_wconf 78' lang='lat' dir='ltr'>me</span> 
     </span>
    </p>

    <p class='ocr_par' dir='ltr' id='par_1_32' title="bbox 1067 3089 1855 3136">
     <span class='ocr_line' id='line_1_86' title="bbox 1067 3089 1855 3136; baseline -0.008 -1"><span class='ocrx_word' id='word_1_427' title='bbox 1067 3097 1184 3136; x_wconf 74' lang='lat' dir='ltr'>omnia.</span> <span class='ocrx_word' id='word_1_428' title='bbox 1215 3094 1270 3135; x_wconf 92' lang='lat' dir='ltr'>est</span> <span class='ocrx_word' id='word_1_429' title='bbox 1287 3091 1469 3133; x_wconf 83' lang='lat' dir='ltr'>enimilla</span> <span class='ocrx_word' id='word_1_430' title='bbox 1480 3090 1539 3132; x_wconf 86' lang='lat' dir='ltr'>vel</span> <span class='ocrx_word' id='word_1_431' title='bbox 1560 3089 1646 3131; x_wconf 77' lang='lat' dir='ltr'>ideo</span> <span class='ocrx_word' id='word_1_432' title='bbox 1669 3094 1855 3130; x_wconf 56' lang='lat' dir='ltr'>immacua</span> 
     </span>
    </p>

    <p class='ocr_par' dir='ltr' id='par_1_33' title="bbox 1069 3147 1854 3206">
     <span class='ocr_line' id='line_1_87' title="bbox 1069 3147 1854 3206; baseline -0.006 -13"><span class='ocrx_word' id='word_1_433' title='bbox 1069 3153 1162 3195; x_wconf 59' lang='lat' dir='ltr'>latas</span> <span class='ocrx_word' id='word_1_434' title='bbox 1194 3155 1282 3206; x_wconf 85' lang='lat' dir='ltr'>quia</span> <span class='ocrx_word' id='word_1_435' title='bbox 1301 3153 1430 3192; x_wconf 84' lang='lat' dir='ltr'>Mater</span> <span class='ocrx_word' id='word_1_436' title='bbox 1454 3152 1555 3206; x_wconf 77' lang='lat' dir='ltr'>Agrii</span> <span class='ocrx_word' id='word_1_437' title='bbox 1584 3147 1821 3190; x_wconf 71' lang='lat' dir='ltr'>immaculati</span> <span class='ocrx_word' id='word_1_438' title='bbox 1846 3164 1854 3188; x_wconf 91' lang='lat'><strong>:</strong></span> 
     </span>
    </p>
   </div>
   <div class='ocr_carea' id='block_1_20' title="bbox 1126 3205 1828 3264">
    <p class='ocr_par' dir='ltr' id='par_1_34' title="bbox 1126 3205 1828 3264">
     <span class='ocr_line' id='line_1_88' title="bbox 1126 3205 1828 3264; baseline -0.009 -13"><span class='ocrx_word' id='word_1_439' title='bbox 1126 3211 1165 3251; x_wconf 91' lang='lat' dir='ltr'>G</span> <span class='ocrx_word' id='word_1_440' title='bbox 1176 3224 1202 3264; x_wconf 83' lang='lat' dir='ltr'>g</span> <span class='ocrx_word' id='word_1_441' title='bbox 1769 3205 1828 3246; x_wconf 78' lang='lat' dir='ltr'>vel</span> 
     </span>
    </p>
   </div>
  </div>
 </body>
</html>
