2159 3508
134 1201 220 1230 δοται.
230 1210 256 1236 3.

132 1241 166 1269 de
175 1243 272 1275 Nativ.

134 1284 165 1312 B.
177 1286 216 1315 V.

124 2065 274 2102 1.‚3.c.90.

123 2258 152 2284 L,
163 2267 275 2291 21.v.19.

354 127 465 184 224

313 205 477 265 taphorfi
515 205 691 257 inquiens
717 219 726 243 z
763 201 848 241 Sicut
873 200 998 240 Litium
1015 198 1097 237 inter

303 267 436 324 spinas,
456 262 614 318 ficamica
624 275 694 301 mea
707 260 790 300 inter
794 259 891 314 filisu.
951 255 1097 298 Candi-

311 324 360 365 de
376 325 482 364 enim
497 320 630 365 fateor,
660 317 964 359 candidiffimam
975 313 1098 355 illiba-

310 397 358 423 tae
369 383 546 435 Deiparae
556 407 567 424 ,
597 392 664 434 per
678 377 812 416 amicam
823 372 1097 429 intelligendae,

310 440 625 493 Conceptionem
641 434 817 475 humanis
842 430 1096 488 repraesentari

311 493 564 541 intellefflbus
584 492 720 534 melius
734 495 798 534 vix
823 488 947 547 posse,
977 487 1096 544 quam

312 570 379 612 per
389 551 664 611 figuramLilij,
695 548 868 606 quamvis
891 547 1003 604 spinis
1025 561 1096 588 un.

311 614 427 667 dique
443 610 681 652 circumdati.
739 605 947 649 Enimvero
962 635 972 652 ,
1005 605 1098 660 quid

310 670 415 711 aliud
429 684 495 726 per
506 669 627 708 Lilium
638 697 649 714 ‚
680 665 798 721 quarn
810 668 966 706 MARIAE
979 679 1097 705 venu-

310 728 405 775 stas,
434 727 528 782 quid
552 726 755 782 perspinas,
786 722 902 778 quam
915 725 1098 762 immunis

309 787 357 828 ab
374 785 487 827 omni
499 784 583 825 labe
600 787 737 840 puritas
757 782 974 837 depingitur
990 793 1001 820 .>
1034 782 1098 820 Li-

308 845 403 886 lium
417 842 519 885 certe·
530 841 733 883 aestimatur
750 838 773 881 ὲι
791 839 916 881 forma
934 837 995 879 sua
1007 867 1018 883 ,
1049 836 1098 877 ab

308 903 429 944 odore
444 928 455 946 2
487 901 512 943 ὲ
532 905 669 943 virtute
685 926 697 943 ‚
727 898 750 939 a
767 898 897 939 colore
920 926 931 943 ,
963 895 1098 951 quibus

308 960 489 1004 omnibus
513 958 743 1014 qualitatum
762 955 971 1013 speciebuS,
1003 953 1095 995 Lili-

308 1022 338 1060 is
357 1018 538 1060 omnibus
546 1016 695 1073 praestat
707 1018 895 1070 Deipara3
930 1012 1098 1053 formam

307 1081 435 1124 enim,
467 1083 507 1119 &
535 1075 699 1116 odorem
734 1072 841 1127 quod
870 1074 1036 1116 attinet,
1070 1069 1096 1110 fi

306 1138 461 1177 Petrum
487 1132 726 1175 consulamus
755 1132 1023 1174 Damianum‚
1053 1130 1095 1168 in

306 1194 391 1235 haec
403 1192 517 1235 verba
537 1191 724 1232 discurrit:
755 1189 808 1228 De
813 1186 945 1244 spinosa¹
948 1186 1096 1243 progenie

307 1251 491 1301 Judaeorum
507 1263 585 1289 nata
596 1277 606 1295 ,
638 1245 835 1301 candescebat
848 1244 1007 1285 munditia*
1022 1245 1095 1285 'vir-

300 1311 403 1367 gineae
432 1309 583 1363 castitatis
615 1307 648 1346 in
686 1317 809 1361 corpore
829 1333 839 1350 ,
859 1302 1096 1358 flammescebat

302 1367 416 1408 ardore
431 1367 562 1424 geminae
576 1365 741 1405 charitatis
760 1364 794 1402 in
818 1375 941 1404 mente,
962 1360 1094 1416 flagra-

301 1425 360 1466 bat
379 1424 470 1465 odore
490 1424 562 1464 boni
582 1423 680 1480 operas
691 1450 702 1468 ,
720 1429 787 1464 (σε.
818 1418 976 1464 &sane,
1008 1433 1093 1473 quae

300 1497 367 1525 aut
378 1483 603 1539 fragrantia,
635 1493 700 1520 aut
718 1479 883 1519 odorum
913 1477 1091 1522 suavitas,

300 1557 392 1583 curn
401 1537 657 1582 suaveolentia
669 1536 765 1577 illius
776 1539 916 1589 aequari
936 1533 1059 1575 valeat
1078 1563 1089 1580 ,

299 1614 386 1655 quae
400 1599 568 1652 undique
590 1598 774 1653 gratiam,
805 1609 848 1634 ac
870 1593 1089 1634 beneficen-

299 1662 417 1703 tiam,
447 1656 616 1710 undique
643 1653 923 1709 benignitatem
953 1650 1087 1707 spirat,

299 1731 345 1757 ac
354 1715 600 1756 dulcedinem
613 1724 623 1752 .>
640 1715 835 1754 Virtutem
844 1708 930 1762 Lilij
945 1709 971 1748 fi
991 1722 1088 1749 con-

300 1774 503 1814 fideremus
528 1776 548 1825 (
557 1771 627 1826 teste
641 1768 771 1815 Plinio,
811 1783 850 1807 ac
868 1765 1047 1823 Dioscoride
1062 1768 1083 1819 )

299 1830 539 1873 medicinalis
562 1828 616 1871 est
637 1826 756 1869 herba
772 1855 783 1873 ‚
814 1824 974 1868 absolvit
994 1823 1017 1866 a
1031 1823 1086 1865 le-

297 1890 390 1947 pra,
416 1905 462 1931 ac
481 1890 691 1945 vertigine,
722 1883 867 1927 debiles
889 1882 1087 1925 confortat

296 1964 433 1990 nervos
452 1978 463 1995 ,
493 1948 620 1989 ulcera
637 1944 742 1986 sanat
759 1973 771 1992 ,
804 1958 848 1984 ac
868 1941 1085 1999 serpentum

295 2006 498 2063 praesertim
533 2005 708 2046 medetur
729 2001 886 2047 ictibus,
915 2014 958 2042 ut
978 2003 1086 2041 enim

295 2068 347 2105 ait
374 2064 647 2111 Dioscorides:
676 2062 769 2102 Folia
808 2059 888 2100 illita
907 2059 1086 2116 serpentum

297 2122 656 2179 morfibusficbveniunt.
692 2119 800 2174 quod
812 2117 954 2158 Plinius
967 2117 1015 2157 de
1028 2132 1084 2157 ra-

298 2182 383 2222 dice
423 2181 626 2238 praesertim
665 2177 848 2222 affirmat,
880 2177 972 2216 dum
1008 2178 1082 2215 ait:

297 2239 437 2295 Ridices
454 2240 539 2295 Lilz'j
552 2266 563 2283 ,
592 2238 701 2279 multis
719 2235 819 2277 moda
829 2264 840 2281 ,
863 2233 978 2288 florem
987 2233 1083 2290 ficum

296 2298 521 2343 nobilitarunt,
559 2312 669 2337 contra
681 2295 863 2352 ſs’rpentum
885 2293 988 2335 idas,
1015 2299 1079 2335 &a

296 2360 334 2398 Si
350 2370 441 2414 ergo
463 2358 608 2397 Minu»,
632 2354 655 2395 a
679 2352 838 2395 Coelesti
858 2350 1003 2407 Sponlo
1018 2352 1081 2390 Li-

295 2415 372 2454 lium
406 2414 569 2460 dicitur,
601 2414 683 2468 quis
715 2410 894 2468 negabit,
924 2407 1080 2465 Radicem

294 2471 548 2514 immaculatae
568 2474 644 2526 ejus
653 2471 917 2525 Conceptioni
929 2467 1081 2524 respon-

292 2531 408 2572 dere?
438 2533 528 2572 curn
540 2531 767 2584 conceptio,
799 2528 933 2568 radicis
962 2525 1081 2568 adin-

291 2587 392 2636 star,
420 2592 536 2630 totius
561 2591 646 2630 vitae
668 2586 710 2626 sit
749 2588 995 2642 principium.
1038 2591 1079 2628 &

291 2647 383 2702 quid
403 2648 506 2694 itha,
533 2646 593 2688 seu
613 2643 756 2687 morsus
795 2644 859 2684 ille
899 2643 1078 2700 serpentis

288 2705 391 2746 aliud
400 2704 475 2752 est,
505 2704 622 2760 quam
636 2701 749 2758 culpa
762 2701 979 2758 originalis,
1011 2716 1078 2757 per

285 2763 512 2805 infernalem
526 2762 728 2804 colubrum
744 2760 1078 2817 protoparentibus

287 2820 432 2868 afflata,
465 2820 658 2864 &exinde
679 2823 720 2860 in
740 2834 877 2859 omnes
892 2818 1074 2858 homines

288 2879 486 2921 transfusa?
513 2878 536 2921 ὲι
566 2895 644 2936 quo
675 2892 807 2920 tamen
842 2875 968 2917 morsu
998 2875 1075 2917 sola

287 2941 471 2994 excipitur
495 2942 618 2995 Virgo
641 2939 810 2991 Deipara
827 2964 838 2981 ,
878 2933 1012 2990 utpote
1034 2940 1075 2975 in

287 2994 366 3049 ipsa
376 2999 461 3037 vitae
472 2997 540 3037 suae
551 2995 675 3043 radice,
706 2995 766 3035 seu
790 2997 1073 3048 conceptione,

287 3067 423 3092 omnes
451 3055 620 3095 nocendi
650 3058 746 3097 vires
772 3050 966 3094 venenoso
1002 3050 1073 3091 ier-

289 3113 397 3165 penti
417 3111 587 3152 adimens
603 3142 613 3159 ,
639 3128 683 3153 ac
701 3116 739 3152 in
756 3111 913 3168 praesens
933 3113 1074 3151 veneni

283 3167 476 3225 originalis
499 3171 708 3211 remedium
725 3200 734 3216 ‚
757 3169 907 3210 mundo
920 3183 1074 3223 quoque

527 3318 603 3393 <51ssssss

744 102 837 163 De
858 96 1149 176 Concepta
1165 95 1322 156 Sacra
1341 93 1590 172 Deipara.

1145 194 1269 235 saucio
1292 223 1302 240 ,
1334 193 1473 235 Filium
1505 193 1712 247 aliquando
1742 197 1937 239 Christum

1146 256 1403 309 progenitura.
1463 253 1526 292 De
1538 250 1623 305 Lilij
1636 252 1764 293 colore
1776 258 1866 310 quid
1877 275 1934 298 re-

1147 311 1291 351 feram?
1328 309 1481 351 Albicat
1510 309 1610 349 certe
1636 314 1675 349 in
1692 310 1814 366 folijs,
1838 331 1933 369 quo-

1148 384 1234 409 rum
1248 367 1394 409 candor
1418 381 1542 408 tantus
1565 396 1574 413 ,
1608 382 1648 408 ut
1679 385 1766 409 cum
1785 374 1932 414 nivibus

1148 441 1287 468 certet:
1318 427 1425 481 quod
1441 429 1608 481 Virginis
1625 429 1876 483 integerrimae
1893 440 1932 474 δε

1144 486 1369 541 pudicitiam
1380 513 1391 530 ,
1424 491 1463 526 &
1476 485 1819 540 incomparabilem
1835 495 1933 543 puri-

1144 557 1264 584 tatem
1284 541 1423 583 eximie
1451 542 1673 588 adumbrat,
1703 547 1793 585 cum
1815 546 1933 588 &illa

1147 602 1189 642 fit
1201 601 1315 642 candor
1326 602 1403 640 luca
1413 616 1548 646 ceternae,
1580 601 1926 657 &speculurnfinema-
1946 631 1996 658 5³5,
2016 639 2031 659 7

1147 659 1229 700 cula.
1287 659 1528 700 Teneritudo
1545 659 1723 715 praeterea
1744 661 1827 715 Lilij
1851 677 1932 703 tan-
1947 650 2041 697 vlits

1147 732 1186 758 ta
1195 717 1247 758 est
1267 732 1307 758 ut
1325 733 1397 757 nec
1409 721 1535 773 exigui
1556 716 1713 773 cuspidis
1727 748 1736 763 ,
1769 734 1831 760 aut
1847 722 1933 762 actis

1146 779 1398 832 punctionem
1419 779 1459 815 in
1487 774 1586 829 folijs
1605 775 1805 818 sustineat:
1839 779 1934 820 hali-

1149 848 1208 875 tus
1232 848 1312 874 tam
1328 834 1443 876 suavis
1459 863 1471 880 ,
1500 847 1542 874 ut
1555 837 1732 875 omnium
1742 835 1852 876 facil‘e
1863 837 1933 879 flo-

1148 907 1234 932 rum
1255 891 1502 948 fragrantiam
1536 891 1693 948 superet.
1741 895 1933 937 Etnonne

1147 951 1230 990 haec
1243 953 1377 990 omnia
1391 949 1489 990 clare
1511 953 1551 990 in
1574 950 1721 991 illibata
1741 957 1934 1009 reperiun-

1146 1022 1206 1048 tur
1237 1007 1427 1064 Deipara,
1458 1009 1632 1062 quamvis
1666 1011 1811 1051 medias
1835 1015 1935 1053 inter

1145 1065 1267 1122 spinas
1279 1066 1587 1122 progerminata?
1618 1080 1766 1109 tantam
1776 1074 1880 1110 enim
1895 1075 1932 1111 in

1145 1124 1211 1165 illa
1226 1123 1437 1165 observabis
1447 1125 1745 1166 teneritudinem
1760 1156 1770 1173 ,
1799 1142 1840 1168 ut
1852 1130 1936 1169 nula

1145 1181 1228 1223 lum
1240 1182 1416 1223 sustineat
1427 1181 1617 1238 spinarum
1638 1184 1813 1225 aculeum
1824 1215 1835 1232 ,
1853 1187 1936 1242 pul—

1144 1240 1237 1281 chre
1276 1239 1438 1296 idipsum
1482 1237 1709 1282 affieverante
1745 1245 1936 1300 Dionysio

1143 1299 1397 1341 Carthusiano
1417 1328 1427 1344 ‚
1468 1298 1527 1339 his
1566 1298 1687 1339 verbis
1711 1318 1718 1339 :
1765 1306 1933 1357 (Quamvis
1946 1315 1975 1340 in
1990 1323 2010 1341 c.
2021 1324 2045 1342 ι.

1142 1358 1247 1397 multae
1257 1358 1384 1411 suerint
1393 1358 1546 1412 Virgines
1547 1357 1662 1411 santiae
1677 1376 1687 1397 .-
1714 1373 1819 1399 tamen
1836 1361 1933 1417 rcspe-
1946 1356 2032 1383 ΨΜ·

1142 1416 1194 1454 flu
1214 1419 1257 1455 V
1254 1416 1367 1471 irgimh
1387 1416 1571 1469 ‘Beatiffimae
1592 1444 1603 1460 ,
1631 1419 1721 1471 quasi
1735 1413 1932 1476 spinaefiuffl‘

1141 1472 1293 1512 ‘videntur
1307 1502 1319 1519 ,
1352 1473 1385 1512 in
1406 1486 1558 1528 quantum
1578 1473 1702 1529 aliquid
1724 1476 1819 1531 culpae
1831 1477 1929 1516 hahe-

1139 1529 1238 1570 bant:
1268 1539 1306 1573 &¹
1325 1531 1476 1586 quamw's
1491 1531 1523 1568 in
1526 1530 1562 1585 ſs
1564 1531 1690 1584 ficerint
1700 1533 1842 1579 mundae,
1867 1551 1928 1575 non

1138 1603 1244 1628 tamen
1256 1589 1328 1643 suit
1353 1589 1386 1627 in
1406 1589 1449 1627 etis
1469 1589 1574 1642 fomes
1595 1589 1727 1646 prorsz‘ts
1747 1593 1926 1632 extinii‘ua:

1127 1647 1264 1701 fuerunt
1282 1653 1322 1688 ά·
1345 1645 1420 1700 alijs
1430 1644 1530 1701 spinae
1550 1674 1562 1692 ,
1588 1648 1642 1702 qui
1677 1663 1720 1686 ex
1747 1665 1855 1689 earum
1876 1653 1927 1691 in.

1136 1704 1221 1743 tuitu
1234 1732 1246 1749 ,
1272 1702 1513 1759 concupiſsentici
1538 1704 1762 1760 pungebantur
1784 1724 1792 1747 ε
1811 1709 1928 1755 4ῗΡοι-νὸ

1135 1762 1283 1818 Deipara
1294 1762 1335 1801 V
1335 1762 1403 1818 irgo
1425 1760 1467 1800 ab
1487 1762 1572 1801 omni
1594 1761 1687 1818 culpe?
1704 1763 1774 1818 ficit
1796 1766 1928 1820 prorsics

1135 1820 1306 1866 immunis,
1327 1819 1506 1874 fuitfomes
1518 1822 1641 1876 peccati
1662 1821 1694 1860 in
1713 1821 1750 1860 cti
1766 1823 1859 1878 pleni
1867 1841 1927 1863 ex-

1134 1879 1273 1925 τίηῖίιιε,
1305 1887 1460 1922 &tamen
1472 1877 1599 1919 incensa
1618 1879 1773 1919 charitate
1792 1895 1862 1921 erat
1876 1899 1926 1922 re-

1128 1936 1229 1993 pleta.
1287 1940 1398 1994 Qare
1417 1937 1604 1976 intuentium
1624 1936 1926 1995 cordaficpenetra-

1135 1996 1210 2041 vit,
1233 1994 1297 2050 sita*
1326 1994 1534 2049 inaestimabili
1561 1995 1701 2048 castitate
1735 1999 1899 2054 Virginea*
1917 2028 1928 2045 ,

1135 2067 1172 2092 ut
1195 2054 1216 2092 a*
1234 2053 1315 2092 nullo
1333 2053 1476 2110 potuerit
1501 2054 1666 2108 concupisci
1698 2083 1708 2099 ‚
1741 2056 1802 2094 imo
1820 2056 1927 2112 potitis

1133 2112 1322 2151 intuentium
1367 2110 1528 2150 libidinem
1565 2112 1680 2163 statim
1734 2115 1922 2155 extinxerit.

1133 2171 1232 2210 Haec
1255 2168 1401 2226 prolixe
1413 2169 1629 2225 Dionyfius.
1688 2172 1835 2212 Merito
1865 2189 1922 2214 er-

1133 2227 1185 2284 go
1207 2228 1384 2285 praeclara
1424 2226 1489 2268 illa
1528 2227 1766 2269 Benedistini
1800 2231 1918 2271 nostri

1131 2290 1165 2328 S:
1184 2287 1344 2328 Ordinis
1363 2289 1528 2327 Lumina
1541 2312 1551 2328 ‚
1583 2285 1852 2342 Ildephonsus,
1878 2295 1918 2331 ὃς

1129 2345 1327 2386 Anselmus
1345 2373 1356 2390 ,
1391 2344 1509 2385 ambo
1552 2345 1667 2384 Archi
1682 2347 1919 2404 -Episcopali

1128 2405 1317 2460 dignitate
1353 2403 1531 2458 insignes,
1558 2402 1648 2443 huic
1678 2406 1917 2448 Sanc‘hffimae

1128 2463 1330 2506 doch-inas,
1365 2461 1412 2501 de
1435 2460 1681 2502 immaculata
1708 2465 1754 2503 M
1769 2478 1793 2502 A
1811 2478 1837 2504 R
1851 2480 1864 2503 1
1881 2479 1913 2505 A}

1129 2524 1401 2577 Conceptione
1412 2549 1423 2566 ,
1437 2518 1564 2560 facem
1577 2520 1821 2576 praetulerunt
1830 2550 1840 2567 ,
1855 2535 1914 2562 to-

1126 2579 1233 2635 tit'lue
1255 2578 1480 2622 Christiano
1509 2577 1594 2619 orbi
1623 2579 1882 2620 accenderunt
1901 2606 1914 2624 ,

1127 2653 1168 2680 ut
1183 2638 1243 2681 vel
1265 2638 1313 2679 fic
1331 2640 1553 2679 Marianum
1566 2636 1687 2677 Lilium
1704 2636 1889 2692 interspinm
1902 2668 1912 2684 ,

1126 2696 1147 2737 ὲ
1161 2695 1262 2754 spina
1285 2701 1318 2739 S.
1336 2699 1377 2737 P.
1399 2694 1517 2736 nostri
1537 2697 1774 2739 Emi-:mern
1805 2694 1914 2736 altius

1127 2769 1342 2812 exurgeret,
1367 2768 1412 2793 ac
1425 2754 1566 2792 suavius
1590 2750 1800 2792 redoleret:
1822 2747 1914 2809 prae-

1126 2812 1272 2858 sertim,
1304 2814 1393 2852 cum
1405 2813 1517 2851 Divae
1532 2810 1731 2863 quondam
1753 2812 1913 2854 Gertru-

1125 2871 1163 2910 di
1182 2871 1317 2912 nostrae
1340 2868 1496 2925 ipfiimet
1528 2868 1739 2908 Beatiffima
1754 2872 1875 2925 Virgo
1900 2900 1911 2916 ,

1125 2929 1378 2970 candidiffimi
1389 2926 1521 2970 instar,
1553 2932 1593 2967 &
1611 2925 1796 2967 rutilantis
1809 2929 1910 2982 Lilij,

1124 3002 1255 3027 coram
1291 2984 1520 3028 Sanstissima
1561 2987 1752 3025 Trinitate
1786 2985 1817 3024 fe
1848 3000 1912 3024 ex-

1125 3046 1327 3101 pandentis
1349 3074 1359 3090 ,
1393 3058 1616 3099 comparere
1647 3043 1688 3082 fit
1713 3043 1867 3098 dignata
1899 3073 1907 3088 ,

1125 3103 1225 3142 hanc
1258 3103 1537 3145 Salutationem
1594 3099 1657 3140 fibi
1709 3104 1749 3139 in
1783 3106 1909 3154 paucis

1124 3161 1365 3217 gratiffimam
1388 3159 1578 3200 affirmans
1598 3175 1609 3198 .-
1640 3160 1719 3197 Ate
1739 3157 1905 3198 candidum

1789 3217 1873 3254 Lili-
