2159 3508
329 136 408 191 128

287 223 426 265 furiose
446 223 776 276 disjec'taewerum
790 222 907 259 etiam
935 231 1068 257 earum

284 282 463 323 cultores,
483 281 568 319 diro
579 279 695 319 exilio
711 305 721 320 ,
735 275 977 329 caedibusque
998 278 1071 314 mi-

291 355 377 380 rum
389 344 428 379 in
449 338 614 378 modum
637 337 807 376 divexati
827 333 931 374 fuere
949 351 959 379 3
996 345 1074 387 quo

289 411 421 437 tamen
432 395 596 435 minime
609 393 853 438 absterre-nte,
876 391 1080 447 pulchrum

288 454 455 495 omnino
479 484 490 499 ,
521 468 565 493 ac
599 451 819 492 condecens
841 448 1081 490 existimabat

287 518 479 564 Joannes‚
501 526 571 567 pro
594 512 729 552 Matris
747 512 894 565 capite,
919 522 1082 548 manum

287 570 388 611 suam
401 570 578 623 obijcere.
610 571 666 609 Ex
682 583 760 623 quo
774 581 961 623 magnum
980 563 1080 605 adeo

284 631 531 685 -Imperatoris
560 625 817 667 Iconomachi
833 640 922 680 erga
942 623 976 664 se
997 624 1080 664 odi-

285 702 350 727 um
362 692 531 738 Joannes
549 687 770 729 concitavit,
788 698 830 727 ut
855 686 945 723 cum
961 686 1008 728 ei,
1034 685 1074 721 in

283 748 561 787 Saracenorum
572 745 722 784 ditione
740 743 908 798 degenti,
944 740 1075 797 aperta

282 807 340 849 vi,
372 818 513 844 nocere
541 807 766 856 neutiquam
799 799 939 856 posset,
974 799 1074 838 hanc

280 861 600 917 fraudemimpius
610 863 822 916 Imperator
830 857 1075 913 excogitant:

272 921 340 960 <Ad
366 924 642 961 Saracenorum
658 921 841 958 nimirum
855 919 1073 971 Principem

278 978 422 1018 litteras
448 978 579 1034 dirigit
601 1007 611 1023 ,
643 977 746 1019 velut
768 975 815 1016 ab
830 975 907 1031 ipio
920 979 1073 1025 Joanne

278 1050 459 1081 exaratas,
480 1035 637 1091 tamQue
646 1034 795 1076 acui-ate
807 1049 872 1089 per
884 1035 925 1073 N
928 1035 1071 1072 otarios

269 1093 463 1151 expressas
488 1125 498 1141 ,
530 1094 615 1143 acsi
645 1093 721 1149 ipsa
736 1095 896 1144 Joannis
913 1089 1072 1146 scripta,

278 1153 486 1199 sententiae,
518 1168 564 1193 ac
575 1151 691 1193 verba
715 1150 959 1195 haberentur,
987 1152 1072 1203 qui-

274 1211 347 1252 -bus
366 1212 414 1252 ad
426 1211 687 1252 invadendam
703 1207 958 1253 Damascum,
983 1222 1072 1263 pro-

270 1271 417 1310 -ditorio
428 1269 564 1312 modo,
602 1272 807 1309 Saracenas
828 1265 1072 1308 invitabatur.

271 1330 438 1370 Miratur
472 1330 637 1383 acceptis
688 1325 822 1366 litteris
863 1327 1043 1380 Princeps
1057 1353 1068 1370 ,

269 1385 542 1441 Joannemcjue
578 1383 793 1429 accersens,
833 1385 1064 1423 ementitam

267 1449 303 1486 ei
317 1444 540 1501 Epistolam‚
561 1441 873 1499 indignabundus
889 1440 942 1481 ob
967 1456 1062 1481 ocu-

267 1502 326 1543 los
340 1506 463 1558 ponit.
524 1501 633 1556 Qd
657 1501 722 1540 hic
745 1505 937 1551 Joannes?
966 1513 1063 1538 con-

265 1561 399 1601 -fitetur
410 1560 571 1614 quidem
582 1589 593 1606 ,
617 1558 828 1599 litterarum
838 1557 980 1598 formas
993 1556 1062 1597 suis

265 1619 369 1660 haud
395 1618 580 1659 absimiles
596 1647 605 1663 ‚
648 1632 733 1671 quae
756 1630 889 1656 tamen
913 1618 955 1654 in
976 1615 1059 1670 ipsis

264 1680 578 1722 continerentur,
597 1677 746 1731 prorsus
758 1673 824 1714 sibi
848 1677 982 1730 ignota
1001 1688 1061 1713 re-

263 1740 399 1793 ponit:
431 1733 579 1791 optime
591 1733 748 1788 quidem
768 1730 1003 1788 perspectum
1025 1729 1061 1771 se

264 1794 424 1839 habere,
454 1794 558 1846 cujus
582 1791 720 1845 insidijs
747 1792 830 1832 haec
855 1789 1059 1831 adversum

264 1852 300 1893 se
322 1865 544 1909 agerentur,
574 1864 829 1891 veruntamen
849 1847 1058 1888 desiderare

264 1910 321 1957 se,
353 1925 399 1952 ac
416 1908 611 1950 humiliter
622 1922 751 1964 petere
783 1907 898 1948 breve
934 1905 1060 1960 quod-

259 1970 355 2010 dam
393 1970 577 2023 temporis
611 1966 797 2021 spatium,
840 1979 920 2018 quo
944 1965 1053 2020 impij

261 2029 404 2069 Leonis
416 2026 586 2065 fraudem
598 2025 775 2081 detegere
787 2021 919 2079 pollet.
978 2022 1054 2063 Sed

262 2084 361 2126 nihil
372 2083 497 2125 effecit
508 2087 651 2128 oratio,
681 2082 764 2122 imo
779 2082 977 2122 dexteram
989 2080 1053 2120 hic

261 2142 370 2184 illico
396 2144 584 2198 amputari
613 2139 719 2194 jubet
754 2141 979 2184 innocenti,
1010 2153 1054 2178 ac

262 2215 502 2257 amputatam
527 2198 683 2256 publico
701 2202 742 2238 in
770 2198 856 2239 foro
870 2196 1053 2253 suspendi.

263 2263 441 2317 Qantus
459 2258 523 2299 hic
545 2257 682 2303 dolor,
738 2272 807 2312 per
830 2256 936 2296 diem
954 2258 1053 2294 inte-

261 2333 394 2375 grum,
425 2322 619 2368 Joannem
635 2315 822 2361 affecerit,
852 2317 1053 2368 quisenar-

261 2376 381 2417 rabit?
411 2375 459 2415 ad
482 2389 598 2430 quem
637 2388 768 2414 tamen
795 2372 1021 2413 leniendum
1041 2401 1051 2416 ,

261 2448 422 2475 manum
433 2433 496 2473 sibi
513 2432 535 2472 a
550 2434 738 2487 Tyranno
749 2431 903 2476 restitui,
922 2429 1052 2470 multis

260 2491 435 2550 precibus
458 2521 468 2537 ‚
508 2505 574 2547 per
595 2493 752 2530 nuntios
783 2519 793 2535 ‚
843 2492 1048 2545 impetrat:

259 2550 380 2606 eadue
427 2548 586 2605 accepta
602 2578 613 2594 ‚
649 2548 908 2588 domesticum
951 2562 1046 2587 mox

261 2611 488 2651 Oratorium
509 2605 699 2663 ingressus,
728 2621 854 2661 prono
871 2619 1045 2660 corpore,

260 2683 349 2709 ante
367 2669 582 2722 Imaginem
594 2667 773 2720 Dei-parae
795 2663 1016 2719 provolutus
1036 2692 1047 2709 ,

257 2723 497 2780 excisamc'lue
528 2737 688 2763 manum
717 2722 881 2778 pristinae
911 2721 1048 2762 admo-

256 2800 348 2824 vens
371 2780 643 2826 commissurae,
675 2779 797 2821 altum
821 2778 1048 2836 ingemiscit,

259 2858 304 2881 ac
317 2842 421 2896 quod
437 2841 486 2882 ad
498 2839 747 2898 pugnandum
759 2854 828 2895 pro
849 2838 974 2894 ipfius,
1005 2843 1045 2880 ὃ(

261 2899 341 2953 Filij
356 2900 505 2940 honore
518 2901 672 2939 inermis
683 2899 760 2952 jam
775 2895 863 2937 estet
874 2926 884 2942 ,
915 2894 1046 2935 multis

260 2972 348 2996 eum
363 2957 567 3012 lachrymis
578 2959 836 3010 conqueritur.
877 2956 924 2994 Et
935 2969 1024 2994 ecce
1037 2958 1044 2993 !

260 3019 339 3070 pias
365 3018 461 3054 inter
488 3014 658 3068 querelas
688 3013 838 3070 placide
858 3012 1046 3053 indormi‘

260 3073 375 3117 scens,
388 3071 683 3127 pulcherrimam
692 3075 935 3128 Deiparentis
945 3072 1045 3111 Ima-

260 3134 391 3187 ginem
428 3131 507 3183 ejus
541 3129 610 3169 sese
645 3130 766 3170 oculis
795 3130 1045 3183 obijcientem

257 3188 462 3243 conspicit,
491 3185 861 3241 fibit‘luedicentem:
899 3188 1043 3241 Eccefh-
1089 3196 1150 3232 lob.
1170 3207 1251 3231 c.34.
1284 3206 1368 3225 ιιι.

700 129 795 189 De
806 125 1098 206 Concepta
1124 127 1278 185 Sacra
1302 126 1541 205 Deipara

1121 232 1200 257 nata
1215 219 1253 273 est
1272 233 1388 257 mamers
1409 220 1488 256 tua!
1506 221 1577 273 jam
1595 234 1663 274 ergo
1682 246 1691 262 >
1710 217 1783 272 ,fine
1807 215 1897 257 mord*
1907 245 1918 262 ,

1126 292 1197 315 eccm
1219 275 1331 316 Scribae
1345 277 1496 316 welociter
1512 275 1680 331 firibemz's
1702 276 1858 316 calamum
1873 275 1919 329 ‘s‘

1119 334 1191 388 fice.
1250 336 1496 389 Experrestus
1510 334 1671 379 deinde,
1695 337 1787 374 cum
1815 338 1917 374 exci-

1128 392 1205 432 sam
1221 391 1391 432 antehac
1402 407 1564 432 manum
1582 407 1629 432 ex
1651 395 1803 447 integro
1814 391 1919 431 fana-

1130 464 1210 491 tam
1234 449 1470 506 conspiceret
1491 479 1502 496 ,
1537 449 1666 504 rel-‘clue
1721 449 1769 489 ad
1797 449 1919 505 ipsum

1130 511 1349 564 Principem
1374 508 1488 564 paulo
1505 507 1590 564 post
1601 507 1749 553 delata,
1777 510 1818 546 in
1850 507 1918 547 du-

1131 566 1237 607 bium
1249 580 1448 608 vocaretur
1463 595 1474 612 ‚
1507 571 1660 618 Joanne
1677 580 1771 605 mox
1793 580 1919 605 accer-

1129 625 1220 672 fito,
1247 624 1478 679 dexteraque
1501 624 1667 682 inspecta
1686 653 1696 670 ‚
1736 638 1832 664 mox
1857 638 1918 663 ru-

1130 683 1223 724 bens
1235 683 1543 730 elucebadinea,
1576 682 1803 725 veriffimam
1822 682 1918 735 ejus-

1125 742 1457 784 demexcifionem
1473 742 1523 782 ad
1542 741 1699 782 oculum
1710 754 1918 780 common-

1125 800 1255 841 strans.
1324 800 1404 841 Hic
1430 800 1610 841 Barbarus
1639 800 1743 840 suum
1766 813 1916 854 cogno-

1123 857 1222 899 scere
1242 873 1412 899 errorem
1429 885 1440 902 ‚
1465 862 1610 915 precari
1631 861 1807 902 veniam,
1838 860 1914 913 pri-

1122 915 1318 971 stinosque
1359 921 1502 969 Joanni
1539 917 1710 957 honores
1745 915 1880 956 offerre
1901 944 1913 960 ‚

1124 989 1221 1029 quos
1247 989 1379 1015 tamen
1403 975 1467 1015 ille
1492 975 1688 1016 humiliter
1719 974 1913 1016 recusans,

1122 1032 1254 1089 petita,
1275 1048 1319 1074 ac
1328 1034 1486 1074 tandem
1499 1034 1596 1090 aegre
1609 1032 1769 1074 obtenta
1783 1031 1913 1072 dimis-

1122 1092 1249 1138 fione,
1279 1091 1559 1148 Jerosolymam
1585 1094 1695 1148 petijt
1714 1121 1723 1136 ,
1761 1107 1804 1131 ac
1820 1093 1912 1131 Mo-

1123 1150 1312 1191 nasticum
1342 1154 1375 1191 S.
1400 1150 1519 1191 nostri
1535 1151 1730 1190 Benedisti
1763 1148 1911 1190 institu-

1121 1223 1205 1250 tum
1233 1208 1451 1265 suscipiens,
1484 1207 1654 1265 plurimis
1686 1207 1838 1253 adhuc,
1871 1214 1913 1249 ὃς

1121 1269 1294 1324 egregijs,
1317 1271 1358 1308 in
1377 1266 1641 1307 defensionem
1653 1268 1831 1320 Deiparae
1843 1294 1853 1311 ‚
1865 1281 1911 1306 ac

1121 1326 1332 1382 specialiter
1354 1325 1510 1366 illibatae
1530 1325 1700 1379 ejusdem
1727 1326 1911 1380 Concep‘

1114 1388 1258 1428 tionis,
1303 1384 1414 1424 editis
1441 1387 1616 1439 Scriptis,
1643 1381 1861 1422 lanctissime
1887 1381 1910 1423 ὲ

1113 1447 1207 1485 Vivis
1252 1442 1413 1482 exceffit.
1483 1445 1540 1481 Ita
1559 1444 1702 1491 Joannes
1724 1440 1910 1485 Patriarch.

1112 1501 1245 1556 Jercfitl.
1263 1510 1302 1543 &²
1317 1500 1502 1554 Marfyrol.

1292 1578 1331 1641 §.
1355 1588 1399 1640 5.
1437 1573 1710 1648 Symbolum.

1201 1667 1400 1727 DeIpara
1434 1663 1610 1726 absqu
1642 1661 1815 1713 VMbra

1395 1737 1619 1795 peccati.

1095 2989 1193 3026 Aspice
1209 2989 1349 3019 stellatum
1367 2990 1503 3020 nosturno
1518 2986 1653 3025 tempore*
1666 2985 1798 3016 Coelum!

1137 3033 1245 3061 Omnia
1260 3029 1421 3063 clarescunt,
1435 3031 1543 3060 umbra
1552 3030 1596 3059 vel
1606 3028 1662 3066 ipsa
1672 3026 1760 3066 fugit.

1097 3075 1247 3103 Noeturno
1262 3074 1362 3111 pariter
1377 3072 1540 3110 Conceptus
1559 3077 1686 3108 tempore
1699 3069 1790 3107 Virgo

1138 3115 1222 3144 Clara
1238 3123 1350 3142 manet:
1371 3115 1386 3141 S
1421 3113 1486 3142 letis
1501 3123 1556 3140 non
1567 3111 1651 3140 habet
1660 3109 1762 3138 umbra
1774 3107 1879 3136 locum.

1483 3153 1518 3188 ό-
1535 3162 1587 3183 nm
1597 3150 1634 3186 est
1648 3148 1745 3179 umbra
1766 3150 1879 3177 Mortis.

1753 3237 1785 3281 ς.
1819 3236 1854 3272 6.

1176 3159 1235 3183 Non
1245 3156 1314 3194 sunt
1330 3163 1390 3183 tene
1409 3165 1439 3183 rae
1455 3171 1464 3184 ι

1926 1663 2059 1733 264.
