2159 3508
117 799 200 828 lsaiae.
210 810 223 836 5
230 821 236 828 .

118 851 147 881 y.
154 850 201 871 ιο.

293 183 383 210 cum
415 167 499 210 luce
537 167 705 223 puritatis
752 163 969 221 Angelicae:
996 162 1076 203 dies

289 225 440 269 emissus
477 225 500 266 ὲ
520 223 607 267 Sole
636 253 647 270 ,
677 237 768 264 cum
785 223 847 263 die
872 221 919 262 ab
931 220 1077 262 Aurora

293 288 505 325 emicante:
536 280 725 323 contrarie
744 280 764 321 ὲ
777 281 965 321 diametro
981 308 991 325 ,
1019 278 1074 318 illi

292 344 422 383 matris
446 343 533 381 Evae
548 369 559 386 ‚
589 354 678 380 cum
690 339 858 395 serpente
885 336 1074 382 infernali,

290 397 492 455 fuliginoso
507 397 663 453 dialogo
676 426 686 443 ,
717 411 795 450 quo
811 396 920 436 tristis
943 411 1007 434 nox
1019 411 1075 434 no-

289 459 329 496 lli
348 471 468 496 atram
478 455 640 495 indicabat
653 455 817 510 scientiam
831 483 842 500 ‚
873 460 913 496 ὃ(
927 457 967 492 in
990 467 1074 492 rnu-

289 527 373 555 tuos
397 513 627 570 cespitatunt
654 511 827 553 occursus
851 538 862 555 ‚
907 509 1074 567 Angelus

288 571 533 613 tenebrarum
547 600 558 617 ,
588 585 679 611 cum
698 583 821 611 matre
842 569 1039 626 culparum
1064 585 1072 607 z

288 644 370 670 non
407 632 609 671 tractantes
630 628 703 669 alia
721 658 733 674 ,
764 626 881 682 quam
919 629 1075 682 negotia

287 687 528 728 umbrarum:
558 687 606 727 de
622 699 850 742 contemptu
870 686 1074 725 mandato-

288 759 394 786 rum:
427 745 475 785 de
497 743 556 785 esu
578 748 786 785 vetitorum
807 760 815 783 z
854 742 902 783 de
925 741 1075 798 capitali

289 806 330 844 in
346 804 506 844 DEUM
525 801 734 843 rebellione
755 831 765 847 ‚
798 815 887 841 cum
902 803 1007 841 inani
1029 799 1073 838 il-

731 63 823 130 De
846 60 1135 144 concepta
1152 68 1306 128 Sacra
1327 62 1576 144 Deiparfi.

1183 167 1222 208 Ιὸ
1244 180 1333 207 ante
1353 181 1439 207 eam
1460 180 1573 208 vocat
1598 165 1825 221 Sanffz'ffimam
1839 189 1849 207 ‚
1871 169 1909 206 ὠ

1179 224 1417 264 immaculatam
1428 226 1463 263 D
1472 226 1507 263 E
1515 227 1536 263 Ι
1557 224 1747 263 Genitricem
1759 252 1769 268 ‚
1792 225 1841 262 ‘M
1850 224 1904 260 A-

1182 285 1255 338 RI
1256 284 1297 321 A
1304 284 1364 322 M

1347 387 1383 436 §-.
1405 388 1444 446 3.
1482 378 1662 439 Ratio.

1124 469 1365 521 ConCeffo
1404 471 1563 525 aCtV,
1600 470 1909 517 ConCeDen-
1931 478 2067 545 640·

1263 544 1334 586 Da
1368 546 1413 585 ὃς
1472 541 1625 586 aCtVI
1673 553 1754 583 ne-

1418 607 1624 655 Ceffarla.

1129 696 1325 795 ALiquq
1352 691 1505 749 conceſjb,
1535 709 1572 731 ea
1602 692 1707 730 omnia
1735 691 1911 747 intelligun-

1248 767 1301 792 tur
1329 751 1479 807 conceffh,
1501 749 1569 805 fine
1584 750 1695 806 quibus
1718 764 1750 787 eo
1776 765 1908 788 commo-

1124 810 1161 848 d&
1189 811 1236 848 uti
1273 826 1333 848 non
1373 808 1536 866 pofficmcof.
1568 811 1611 848 L.
1649 806 1751 846 Verbo
1783 807 1904 846 winus.

289 860 328 902 13·
345 861 619 918 PsOffliffiOssCss
651 858 849 914 Erito‘sficut
867 860 949 914 Βῆ)
971 857 1072 912 stien‘
1115 866 1159 923 ff
1171 867 1208 906 de
1227 867 1396 908 verborum
1418 866 1584 922 fignificat.
1620 868 1662 904 L.
1690 865 1832 920 Legatis.
1865 864 1903 904 de

289 933 337 958 tes
350 918 656 961 bonumemalum.
715 919 823 958 Hinc
835 916 883 958 ad
894 915 1072 957 tenebro-
1121 925 1263 964 amnem,
1293 927 1408 980 Legat,
1450 940 1518 964 cum
1542 923 1611 979 fitis
1636 939 1754 962 concor.

289 976 371 1017 sum
392 975 492 1018 istud
516 976 767 1030 colloquium,
782 976 847 1014 luce
864 974 897 1014 sse
921 977 1071 1030 gratiae,

286 1049 376 1076 cum
394 1034 478 1075 tota
494 1033 554 1075 sua
578 1034 815 1090 posteritate,
846 1034 924 1073 Eva
941 1031 1075 1087 spolia-

288 1096 364 1135 vit:
396 1093 490 1133 dum
511 1108 559 1133 ex
591 1091 746 1133 adverso
765 1093 934 1135 ΜΑΜΑ,
965 1090 1024 1128 lux
1043 1089 1076 1128 in

288 1154 418 1207 primis
444 1152 600 1204 jamjam
620 1149 756 1189 tenebris
771 1149 896 1194 lucens,
924 1146 972 1188 ab
996 1149 1073 1188 ori-

288 1209 407 1265 ginali
428 1220 490 1247 non
507 1206 718 1264 comprehenfiz
740 1237 748 1251 ,
779 1208 857 1260 jam
883 1221 972 1246 cum
993 1209 1073 1245 An-

287 1265 377 1323 gelo
396 1265 620 1320 colloquens
638 1293 649 1308 ‚
680 1267 818 1307 Sancto
830 1267 969 1304 iterum
986 1293 995 1310 ,
1028 1278 1072 1303 ae

287 1326 438 1366 Divino
456 1323 601 1364 lumine
617 1323 686 1363 fuit
703 1323 750 1363 de
763 1337 869 1364 novo
879 1321 1071 1362 illustrata.

286 1386 357 1425 Vae
366 1382 529 1439 proinde
551 1381 731 1423 onmibus
752 1380 844 1427 illis,
883 1384 948 1435 qui
973 1383 1071 1421 MA-

287 1442 428 1482 RIAM
466 1442 680 1481 etiamnum
712 1438 847 1479 tenebris
890 1452 1071 1494 protopa-

286 1512 440 1540 rentum
465 1497 661 1539 involvere
692 1510 881 1538 conantur
906 1501 913 1536 !
945 1499 1001 1535 Vae
1021 1496 1073 1552 qui

286 1555 392 1596 dicitis
419 1556 538 1595 malum
558 1555 671 1595 bonum
688 1584 698 1601 ‚
729 1563 768 1597 &
793 1553 907 1594 bonum
932 1555 1072 1599 malum,

280 1626 431 1671 ponentes
445 1613 584 1653 tenebras
594 1614 691 1653 lucem
702 1639 713 1656 ,
743 1621 781 1655 (φ
803 1612 900 1652 lucem
912 1611 1049 1651 tenebras
1060 1612 1073 1650 .'

290 1674 483 1714 Noverint
492 1674 598 1712 enim
609 1671 700 1712 tales
712 1699 721 1715 ‚
740 1672 962 1711 MARIAM
975 1673 1074 1710 inter

289 1729 515 1771 denfiffimas
526 1732 641 1769 etiam
653 1758 663 1775 ‚
687 1727 819 1784 &plus
832 1726 948 1782 quam
963 1729 1073 1769 Cim-

287 1791 423 1828 merias
432 1816 445 1834 ,
474 1786 577 1828 orbis
595 1786 755 1829 univerfi
775 1785 914 1826 tenebras
929 1815 940 1832 ,
967 1784 1073 1826 lucu-

285 1846 424 1887 lentius
443 1844 629 1886 emicasse.
678 1857 955 1886 convertantur
981 1843 1074 1900 ergo

287 1904 496 1960 aliquando
520 1902 543 1944 ὲι
559 1902 695 1944 tenebris
709 1902 758 1944 ad
769 1901 917 1949 lucem,
949 1901 970 1943 ὲ
989 1902 1074 1942 smi-

287 1962 361 2004 stra
382 1962 447 2003 illa
461 1964 648 2018 opinione
668 1991 680 2008 ‚
709 1960 757 2002 ad
783 1961 967 2006 devotam
988 1963 1075 2003 Vir-

289 2024 388 2078 ginis
407 2018 654 2061 immaculate
684 2034 884 2074 conceptae
909 2018 1075 2076 profeffi-

290 2094 419 2120 onem.
451 2081 514 2120 Tu
535 2077 627 2120 vero
646 2077 949 2135 gloriosissimum
964 2079 1075 2118 Lucis

289 2140 543 2194 integerrimae
573 2135 883 2193 receptaculum!
914 2138 1075 2191 impetra

291 2201 332 2238 &
352 2195 465 2236 nobis
488 2194 635 2236 radium
657 2197 793 2236 Divini
830 2193 1039 2250 splendoris
1063 2223 1073 2240 ‚

288 2268 368 2310 quo
395 2252 416 2294 ὲ
436 2253 571 2295 tenebris
596 2255 842 2307 iniquitatum
861 2251 1076 2293 nostrarum

289 2311 436 2358 edueti,
473 2311 725 2367 perducamur
762 2310 811 2352 ad
851 2309 1075 2352 admirabile

294 2367 437 2416 lumen,
458 2369 609 2411 vifionis
626 2369 825 2411 Beatificae.

465 2496 504 2562 §.
526 2507 577 2549 2.
612 2492 908 2546 Authoritas.

292 2601 657 2654 TheoDoretVs,
694 2606 823 2663 erae
846 2604 1075 2663 Concep-

491 2674 643 2720 tIonIs
674 2676 864 2719 aMator.

290 2779 432 2817 Intertot
441 2773 567 2813 animas
586 2773 723 2813 omnium
736 2771 914 2818 hominum,
944 2772 998 2828 qui
1005 2772 1073 2826 fid-

344 2846 469 2874 ‘vantur
482 2860 493 2876 ,
523 2845 558 2871 ut
575 2830 670 2870 eleHa
690 2829 833 2870 columba
853 2830 892 2883 est
913 2830 966 2869 illa
975 2830 1046 2885 fiala
1060 2860 1071 2877 ,

342 2906 411 2948 quae
424 2891 495 2929 CH
495 2891 565 2945 RI
568 2893 592 2928 S
599 2890 673 2928 th
682 2890 732 2928 M
738 2889 862 2945 genuit,
874 2885 973 2944 Virgo
983 2890 1072 2927 ffvla-

346 2964 394 2987 ην
404 2974 415 2990 ,
440 2947 545 3002 puella
566 2949 617 2986 M
629 2949 670 2986 A
677 2948 752 3001 RI
753 2948 796 2985 A
809 2975 819 2993 ,
856 2961 922 3001 quae
930 2947 1073 3002 puritate

338 3006 473 3060 profesti)
495 3004 679 3050 Cherubim,
705 3012 742 3047 (ἓν
758 3004 918 3060 Seraphim
936 3005 1072 3044 antecel-

344 3063 392 3102 lie.
423 3062 503 3103 Lib.
519 3077 546 3113 3.
562 3067 602 3104 in
613 3065 726 3106 Cant.
742 3061 807 3103 ubi
821 3065 937 3104 etiam
968 3063 1072 3120 paul-

1830 923 1905 963 Sed

1125 986 1248 1023 Beatae
1280 985 1430 1038 Virgini
1477 996 1556 1022 erat
1586 981 1803 1022 concessum
1824 1009 1835 1026 ,
1866 994 1907 1021 ut

1124 1039 1333 1095 aliquando
1360 1040 1579 1082 eveheretur
1610 1044 1649 1080 in
1671 1054 1833 1084 munus,
1865 1044 1906 1080 ὃς

1125 1099 1354 1155 dignitatem
1386 1100 1594 1139 Genitricis
1626 1099 1735 1139 DEI
1766 1101 1804 1137 in
1831 1111 1904 1138 ter-

1123 1159 1182 1197 ris.
1269 1158 1371 1213 Ergo
1412 1163 1452 1199 &
1498 1154 1790 1213 intelligendum
1814 1155 1868 1196 est
1893 1184 1904 1200 ‚

1122 1219 1255 1255 omnia
1277 1214 1342 1255 illa
1371 1218 1406 1255 ei
1431 1214 1477 1255 ab
1495 1228 1639 1255 aeterno
1659 1213 1838 1254 *concessa
1854 1213 1905 1254 eil

1122 1273 1155 1313 se
1174 1304 1184 1319 ,
1221 1273 1296 1313 fine
1323 1272 1457 1328 quibus
1479 1286 1593 1313 tantae
1612 1287 1748 1313 munus
1760 1273 1904 1313 Mater-

1121 1334 1248 1372 nitatis
1294 1330 1414 1372 subire
1451 1347 1533 1372 non
1572 1329 1699 1387 poss'et.
1788 1333 1909 1385 Atqui

1122 1389 1376 1446 praeservatio,
1409 1395 1449 1432 ὅ(
1475 1392 1671 1445 exemptio
1701 1388 1722 1429 ὲ
1743 1403 1906 1444 peccato

1121 1447 1299 1504 originali
1320 1474 1330 1491 ‚
1362 1447 1422 1489 vel
1445 1446 1614 1488 maxime
1635 1446 1834 1488 necessaria
1852 1453 1906 1488 el-

1120 1505 1155 1546 se
1193 1506 1361 1549 videtur,
1389 1520 1430 1546 ut
1469 1521 1606 1546 munus
1646 1508 1906 1546 Maternitatis

1122 1566 1277 1605 Divinae
1325 1563 1534 1604 commode
1574 1577 1742 1604 creatura
1777 1564 1905 1618 aliqua

1122 1621 1241 1662 subire
1279 1621 1426 1667 valeat3
1471 1636 1562 1662 nam
1594 1621 1817 1662 contraxisse
1852 1622 1905 1661 se-

1123 1679 1201 1720 mel
1229 1693 1432 1735 peccatum
1453 1679 1659 1736 originale,
1691 1679 1827 1720 multas
1846 1682 1906 1720 in-

1124 1740 1419 1795 congruentias,
1458 1743 1499 1779 &
1539 1740 1870 1779 inconvenientias
1895 1767 1907 1784 ‚

1123 1800 1134 1846 (
1165 1811 1256 1850 quas
1279 1794 1369 1836 alibi
1389 1794 1631 1851 probavimus
1653 1801 1663 1845 )
1695 1809 1911 1852 repugnari*

1122 1867 1177 1894 tes
1223 1854 1313 1894 huic
1352 1856 1590 1896 Maternitati
1631 1853 1747 1895 affert.
1808 1858 1909 1913 Ergo

1122 1927 1188 1970 per
1207 1911 1284 1952 hoc
1306 1941 1316 1958 ‚
1351 1911 1459 1967 quod
1502 1912 1720 1953 Beatiffimae
1758 1916 1911 1970 Virgini

1124 1968 1298 2011 concessa
1324 1970 1373 2011 ab
1408 1983 1551 2011 aeterno
1591 1970 1701 2011 fuerit
1721 1973 1909 2014 Materni-

1125 2042 1179 2069 tas
1210 2030 1320 2069 DEI
1344 2058 1353 2075 ,
1395 2033 1512 2070 etiam
1564 2028 1619 2069 illi
1655 2030 1909 2072 concedenda

1124 2091 1194 2127 erit
1217 2115 1227 2132 ,
1257 2087 1305 2127 ab
1326 2099 1470 2128 aeterno
1504 2090 1694 2144 impertita
1710 2117 1720 2134 ‚
1752 2095 1791 2131 δε
1813 2106 1908 2131 con-

1124 2144 1219 2185 cess'a
1253 2148 1450 2200 exemptio
1481 2174 1491 2190 ‚
1522 2161 1565 2186 ac
1610 2146 1845 2202 praeservatio
1885 2148 1908 2191 ὲ

1125 2217 1285 2260 peccato
1305 2202 1493 2260 originali.

1333 2325 1372 2377 ἕ.
1388 2332 1438 2386 4.
1474 2317 1703 2388 PIistoria·

1130 2418 1306 2470 ObsessI
1338 2429 1452 2473 Vera
1505 2422 1740 2485 responsIo
1764 2461 1778 2482 ,

1238 2500 1395 2555 prIMo
1426 2497 1786 2556 ConCeptIonIs

1424 2565 1630 2612 Instantl.

1231 2650 1431 2696 Abitabat,
1462 2654 1503 2690 in
1545 2652 1699 2691 Ducatu
1747 2652 1909 2693 Ferraria

1255 2709 1352 2756 ensi,
1392 2709 1514 2749 homo
1538 2708 1695 2762 quidam
1735 2724 1781 2748 ex
1824 2710 1903 2765 ple-

1123 2766 1192 2813 be,
1223 2767 1323 2807 rudis
1357 2796 1367 2812 ‚
1405 2764 1688 2821 litterarumque
1726 2772 1904 2809 omnium

1123 2829 1272 2881 penitus
1293 2828 1496 2880 imperitus.
1538 2826 1640 2870 Hic,
1672 2827 1901 2867 DiviniNu-

1120 2886 1234 2923 minis
1272 2881 1444 2938 permissu
1465 2912 1476 2928 ,
1503 2882 1550 2923 ab
1567 2881 1713 2938 hospite
1742 2883 1906 2926 inferna·

1120 2939 1148 2982 li
1165 2940 1345 2988 obsessus,
1375 2956 1418 2982 ac
1446 2940 1648 2982 crudeliter
1672 2942 1904 2996 quandoque

1121 2999 1359 3041 discruciatus
1384 3029 1395 3046 ,
1430 3000 1479 3040 ad
1533 3014 1716 3055 magnam
1767 3015 1903 3040 omnes

1122 3062 1312 3116 permovit
1350 3057 1756 3104 commiserationem,
1808 3057 1900 3096 hinc

1797 3129 1872 3166 CJUS

1830 2433 1903 2479 De
1929 2452 2048 2523 6414
