<?xml version="1.0" encoding="UTF-8"?>
<!DOCTYPE html PUBLIC "-//W3C//DTD XHTML 1.0 Transitional//EN"
    "http://www.w3.org/TR/xhtml1/DTD/xhtml1-transitional.dtd">
<html xmlns="http://www.w3.org/1999/xhtml" xml:lang="en" lang="en">
 <head>
  <title>
</title>
<meta http-equiv="Content-Type" content="text/html;charset=utf-8" />
  <meta name='ocr-system' content='tesseract 3.04.00' />
  <meta name='ocr-capabilities' content='ocr_page ocr_carea ocr_par ocr_line ocrx_word'/>
</head>
<body>
  <div class='ocr_page' id='page_1' title='image "./conceptvschronog00zolle_0026.png"; bbox 0 0 2200 3539; ppageno 0'>
   <div class='ocr_carea' id='block_1_1' title="bbox 371 136 2052 224">
    <p class='ocr_par' dir='ltr' id='par_1_1' title="bbox 371 136 2052 224">
     <span class='ocr_line' id='line_1_1' title="bbox 371 136 2052 224; baseline 0.002 -22"><span class='ocrx_word' id='word_1_1' title='bbox 371 143 540 204; x_wconf 85' lang='lat' dir='ltr'>Index</span> <span class='ocrx_word' id='word_1_2' title='bbox 570 144 648 205; x_wconf 91' lang='lat'>111.</span> <span class='ocrx_word' id='word_1_3' title='bbox 663 144 1022 222; x_wconf 83' lang='lat' dir='ltr'>Dogmatum,</span> <span class='ocrx_word' id='word_1_4' title='bbox 1042 138 1512 211; x_wconf 53' lang='lat' dir='ltr'>Procardicorum‘,</span> <span class='ocrx_word' id='word_1_5' title='bbox 1524 140 1766 222; x_wconf 84' lang='lat' dir='ltr'>Regular.</span> <span class='ocrx_word' id='word_1_6' title='bbox 1778 143 1933 224; x_wconf 71' lang='lat' dir='ltr'>Jmis,</span> <span class='ocrx_word' id='word_1_7' title='bbox 1943 136 2052 206; x_wconf 62' lang='lat' dir='ltr'>&amp;o</span> 
     </span>
    </p>
   </div>
   <div class='ocr_carea' id='block_1_2' title="bbox 289 240 1187 290">
    <p class='ocr_par' dir='ltr' id='par_1_2' title="bbox 289 240 1187 290">
     <span class='ocr_line' id='line_1_2' title="bbox 289 240 1187 290; baseline -0.003 -10"><span class='ocrx_word' id='word_1_8' title='bbox 289 249 347 283; x_wconf 81' lang='lat'>61.</span> <span class='ocrx_word' id='word_1_9' title='bbox 375 243 449 279; x_wconf 76' lang='lat' dir='ltr'>Imo</span> <span class='ocrx_word' id='word_1_10' title='bbox 467 243 610 290; x_wconf 82' lang='lat' dir='ltr'>Sponsa,</span> <span class='ocrx_word' id='word_1_11' title='bbox 636 242 749 278; x_wconf 71' lang='lat' dir='ltr'>relicto</span> <span class='ocrx_word' id='word_1_12' title='bbox 774 243 910 288; x_wconf 87' lang='lat' dir='ltr'>proprio</span> <span class='ocrx_word' id='word_1_13' title='bbox 933 265 944 283; x_wconf 86' lang='lat'>,</span> <span class='ocrx_word' id='word_1_14' title='bbox 970 240 1100 276; x_wconf 75' lang='lat' dir='ltr'>assumit</span> <span class='ocrx_word' id='word_1_15' title='bbox 1122 251 1187 277; x_wconf 86' lang='lat' dir='ltr'>no·</span> 
     </span>
    </p>
   </div>
   <div class='ocr_carea' id='block_1_3' title="bbox 337 289 1186 424">
    <p class='ocr_par' dir='ltr' id='par_1_3' title="bbox 337 289 1186 424">
     <span class='ocr_line' id='line_1_3' title="bbox 338 289 1186 338; baseline -0.004 -12"><span class='ocrx_word' id='word_1_16' title='bbox 338 305 414 327; x_wconf 87' lang='lat' dir='ltr'>men</span> <span class='ocrx_word' id='word_1_17' title='bbox 429 289 553 338; x_wconf 82' lang='lat' dir='ltr'>Sponfi.</span> <span class='ocrx_word' id='word_1_18' title='bbox 602 293 692 338; x_wconf 84' lang='lat' dir='ltr'>Ergo</span> <span class='ocrx_word' id='word_1_19' title='bbox 705 292 812 325; x_wconf 87' lang='lat' dir='ltr'>Maria</span> <span class='ocrx_word' id='word_1_20' title='bbox 833 291 946 326; x_wconf 66' lang='lat' dir='ltr'>resisto</span> <span class='ocrx_word' id='word_1_21' title='bbox 969 293 1186 336; x_wconf 85' lang='lat' dir='ltr'>Protoparen-</span> 
     </span>
     <span class='ocr_line' id='line_1_4' title="bbox 339 338 1182 387; baseline -0.002 -13"><span class='ocrx_word' id='word_1_22' title='bbox 339 343 380 376; x_wconf 87' lang='lat' dir='ltr'>tis</span> <span class='ocrx_word' id='word_1_23' title='bbox 397 343 552 382; x_wconf 86' lang='lat' dir='ltr'>nomine,</span> <span class='ocrx_word' id='word_1_24' title='bbox 574 351 699 375; x_wconf 87' lang='lat' dir='ltr'>nomen</span> <span class='ocrx_word' id='word_1_25' title='bbox 716 338 857 385; x_wconf 79' lang='lat' dir='ltr'>Spiritfis</span> <span class='ocrx_word' id='word_1_26' title='bbox 882 341 991 376; x_wconf 66' lang='lat' dir='ltr'>Sancti</span> <span class='ocrx_word' id='word_1_27' title='bbox 1011 338 1182 387; x_wconf 80' lang='lat' dir='ltr'>puriffimi.</span> 
     </span>
     <span class='ocr_line' id='line_1_5' title="bbox 337 392 503 424; baseline -0.006 0"><span class='ocrx_word' id='word_1_28' title='bbox 337 392 426 424; x_wconf 82' lang='lat' dir='ltr'>Ratio</span> <span class='ocrx_word' id='word_1_29' title='bbox 446 395 503 424; x_wconf 82' lang='lat'>80.</span> 
     </span>
    </p>
   </div>
   <div class='ocr_carea' id='block_1_4' title="bbox 289 434 1187 484">
    <p class='ocr_par' dir='ltr' id='par_1_4' title="bbox 289 434 1187 484">
     <span class='ocr_line' id='line_1_6' title="bbox 289 434 1187 484; baseline -0.001 -10"><span class='ocrx_word' id='word_1_30' title='bbox 289 443 345 475; x_wconf 85' lang='lat'>62.</span> <span class='ocrx_word' id='word_1_31' title='bbox 370 438 489 484; x_wconf 76' lang='lat' dir='ltr'>Sitque</span> <span class='ocrx_word' id='word_1_32' title='bbox 505 448 610 471; x_wconf 78' lang='lat' dir='ltr'>ratum</span> <span class='ocrx_word' id='word_1_33' title='bbox 620 435 731 471; x_wconf 86' lang='lat' dir='ltr'>Maria</span> <span class='ocrx_word' id='word_1_34' title='bbox 743 434 862 470; x_wconf 89' lang='lat' dir='ltr'>babere</span> <span class='ocrx_word' id='word_1_35' title='bbox 870 447 939 471; x_wconf 88' lang='lat' dir='ltr'>non</span> <span class='ocrx_word' id='word_1_36' title='bbox 957 435 1075 483; x_wconf 86' lang='lat' dir='ltr'>potest,</span> <span class='ocrx_word' id='word_1_37' title='bbox 1097 437 1187 484; x_wconf 84' lang='lat' dir='ltr'>quod</span> 
     </span>
    </p>
   </div>
   <div class='ocr_carea' id='block_1_5' title="bbox 270 483 1185 1468">
    <p class='ocr_par' dir='ltr' id='par_1_5' title="bbox 335 483 1049 533">
     <span class='ocr_line' id='line_1_7' title="bbox 335 483 1049 533; baseline 0 -12"><span class='ocrx_word' id='word_1_38' title='bbox 335 484 432 533; x_wconf 81' lang='lat' dir='ltr'>ipfius</span> <span class='ocrx_word' id='word_1_39' title='bbox 448 488 584 520; x_wconf 81' lang='lat' dir='ltr'>nomine</span> <span class='ocrx_word' id='word_1_40' title='bbox 596 496 664 518; x_wconf 85' lang='lat' dir='ltr'>non</span> <span class='ocrx_word' id='word_1_41' title='bbox 672 483 862 529; x_wconf 83' lang='lat' dir='ltr'>estgestum.</span> <span class='ocrx_word' id='word_1_42' title='bbox 913 488 1004 520; x_wconf 80' lang='lat' dir='ltr'><em>Ratio</em></span> <span class='ocrx_word' id='word_1_43' title='bbox 1019 499 1049 530; x_wconf 87' lang='lat'>9.</span> 
     </span>
    </p>

    <p class='ocr_par' dir='ltr' id='par_1_6' title="bbox 288 532 1185 626">
     <span class='ocr_line' id='line_1_8' title="bbox 288 532 1185 583; baseline 0.003 -15"><span class='ocrx_word' id='word_1_44' title='bbox 288 540 311 573; x_wconf 83' lang='lat'>6</span> <span class='ocrx_word' id='word_1_45' title='bbox 315 548 346 582; x_wconf 89' lang='lat'>3.</span> <span class='ocrx_word' id='word_1_46' title='bbox 373 534 571 575; x_wconf 61' lang='lat' dir='ltr'>Praesertim,</span> <span class='ocrx_word' id='word_1_47' title='bbox 595 533 671 568; x_wconf 75' lang='lat' dir='ltr'>cum</span> <span class='ocrx_word' id='word_1_48' title='bbox 688 532 787 568; x_wconf 83' lang='lat' dir='ltr'>semel</span> <span class='ocrx_word' id='word_1_49' title='bbox 806 533 914 570; x_wconf 87' lang='lat' dir='ltr'>malus</span> <span class='ocrx_word' id='word_1_50' title='bbox 929 533 1053 582; x_wconf 87' lang='lat' dir='ltr'>semper</span> <span class='ocrx_word' id='word_1_51' title='bbox 1066 533 1185 583; x_wconf 82' lang='lat' dir='ltr'>praesu-</span> 
     </span>
     <span class='ocr_line' id='line_1_9' title="bbox 335 582 856 626; baseline 0.002 -8"><span class='ocrx_word' id='word_1_52' title='bbox 335 596 443 618; x_wconf 87' lang='lat' dir='ltr'>matur</span> <span class='ocrx_word' id='word_1_53' title='bbox 453 582 514 617; x_wconf 81' lang='lat' dir='ltr'>effe</span> <span class='ocrx_word' id='word_1_54' title='bbox 526 582 643 616; x_wconf 82' lang='lat' dir='ltr'>malus.</span> <span class='ocrx_word' id='word_1_55' title='bbox 696 584 785 618; x_wconf 88' lang='lat' dir='ltr'>Ratio</span> <span class='ocrx_word' id='word_1_56' title='bbox 800 595 856 626; x_wconf 86' lang='lat'>29.</span> 
     </span>
    </p>

    <p class='ocr_par' dir='ltr' id='par_1_7' title="bbox 287 629 1183 724">
     <span class='ocr_line' id='line_1_10' title="bbox 287 629 1183 680; baseline 0 -12"><span class='ocrx_word' id='word_1_57' title='bbox 287 637 345 680; x_wconf 83' lang='lat'>64.</span> <span class='ocrx_word' id='word_1_58' title='bbox 372 636 414 668; x_wconf 87' lang='lat' dir='ltr'>Et</span> <span class='ocrx_word' id='word_1_59' title='bbox 424 632 523 667; x_wconf 84' lang='lat' dir='ltr'>semel</span> <span class='ocrx_word' id='word_1_60' title='bbox 531 629 767 679; x_wconf 82' lang='lat' dir='ltr'>deprehensus,</span> <span class='ocrx_word' id='word_1_61' title='bbox 793 630 919 668; x_wconf 71' lang='lat' dir='ltr'>centies</span> <span class='ocrx_word' id='word_1_62' title='bbox 932 644 1005 668; x_wconf 89' lang='lat' dir='ltr'>reus</span> <span class='ocrx_word' id='word_1_63' title='bbox 1016 631 1183 671; x_wconf 81' lang='lat' dir='ltr'>habeatur.</span> 
     </span>
     <span class='ocr_line' id='line_1_11' title="bbox 332 684 491 724; baseline 0 -8"><span class='ocrx_word' id='word_1_64' title='bbox 332 684 422 717; x_wconf 83' lang='lat' dir='ltr'><em>Ratio</em></span> <span class='ocrx_word' id='word_1_65' title='bbox 433 686 491 724; x_wconf 87' lang='lat'>46.</span> 
     </span>
    </p>

    <p class='ocr_par' dir='ltr' id='par_1_8' title="bbox 280 727 1181 924">
     <span class='ocr_line' id='line_1_12' title="bbox 280 727 1181 778; baseline 0.002 -14"><span class='ocrx_word' id='word_1_66' title='bbox 280 737 337 778; x_wconf 72' lang='lat'>65.</span> <span class='ocrx_word' id='word_1_67' title='bbox 367 733 438 765; x_wconf 88' lang='lat' dir='ltr'>Nec</span> <span class='ocrx_word' id='word_1_68' title='bbox 450 728 534 765; x_wconf 70' lang='lat' dir='ltr'>certe</span> <span class='ocrx_word' id='word_1_69' title='bbox 543 730 619 775; x_wconf 83' lang='lat' dir='ltr'>Jura</span> <span class='ocrx_word' id='word_1_70' title='bbox 629 727 755 765; x_wconf 82' lang='lat' dir='ltr'>Civilia</span> <span class='ocrx_word' id='word_1_71' title='bbox 765 728 855 765; x_wconf 84' lang='lat' dir='ltr'>aliud</span> <span class='ocrx_word' id='word_1_72' title='bbox 867 729 987 766; x_wconf 87' lang='lat' dir='ltr'>docent</span> <span class='ocrx_word' id='word_1_73' title='bbox 999 740 1011 775; x_wconf 74' lang='grc' dir='ltr'>ς</span> <span class='ocrx_word' id='word_1_74' title='bbox 1039 742 1077 766; x_wconf 89' lang='lat' dir='ltr'>ut</span> <span class='ocrx_word' id='word_1_75' title='bbox 1091 731 1181 767; x_wconf 90' lang='lat' dir='ltr'>enim</span> 
     </span>
     <span class='ocr_line' id='line_1_13' title="bbox 331 778 1181 826; baseline -0.001 -11"><span class='ocrx_word' id='word_1_76' title='bbox 331 779 480 815; x_wconf 82' lang='lat' dir='ltr'>Christus</span> <span class='ocrx_word' id='word_1_77' title='bbox 494 779 559 825; x_wconf 86' lang='lat' dir='ltr'>ipse</span> <span class='ocrx_word' id='word_1_78' title='bbox 568 778 1181 826; x_wconf 77' lang='lat' dir='ltr'>pronunciavitzReddendasuntCaesari‚</span> 
     </span>
     <span class='ocr_line' id='line_1_14' title="bbox 328 828 1179 877; baseline 0.001 -14"><span class='ocrx_word' id='word_1_79' title='bbox 328 840 393 877; x_wconf 73' lang='lat' dir='ltr'>qua</span> <span class='ocrx_word' id='word_1_80' title='bbox 399 828 467 871; x_wconf 76' lang='lat' dir='ltr'>[unt</span> <span class='ocrx_word' id='word_1_81' title='bbox 475 828 613 871; x_wconf 61' lang='lat' dir='ltr'>Caesaris,</span> <span class='ocrx_word' id='word_1_82' title='bbox 664 829 753 875; x_wconf 85' lang='lat' dir='ltr'>Ergo</span> <span class='ocrx_word' id='word_1_83' title='bbox 765 831 874 864; x_wconf 81' lang='lat' dir='ltr'>Mater</span> <span class='ocrx_word' id='word_1_84' title='bbox 886 828 1029 876; x_wconf 83' lang='lat' dir='ltr'>supremi</span> <span class='ocrx_word' id='word_1_85' title='bbox 1040 828 1179 865; x_wconf 86' lang='lat' dir='ltr'>Caesaris</span> 
     </span>
     <span class='ocr_line' id='line_1_15' title="bbox 326 877 860 924; baseline 0 -12"><span class='ocrx_word' id='word_1_86' title='bbox 326 877 495 924; x_wconf 74' lang='lat' dir='ltr'>nur-quam</span> <span class='ocrx_word' id='word_1_87' title='bbox 505 877 650 914; x_wconf 79' lang='lat' dir='ltr'>alterius.</span> <span class='ocrx_word' id='word_1_88' title='bbox 702 880 791 913; x_wconf 81' lang='lat' dir='ltr'>Ratio</span> <span class='ocrx_word' id='word_1_89' title='bbox 802 882 860 924; x_wconf 83' lang='lat'>56.</span> 
     </span>
    </p>

    <p class='ocr_par' dir='ltr' id='par_1_9' title="bbox 277 924 1177 1166">
     <span class='ocr_line' id='line_1_16' title="bbox 277 924 1177 971; baseline -0.002 -8"><span class='ocrx_word' id='word_1_90' title='bbox 277 931 335 964; x_wconf 88' lang='lat'>66.</span> <span class='ocrx_word' id='word_1_91' title='bbox 363 929 404 962; x_wconf 83' lang='lat' dir='ltr'>Et</span> <span class='ocrx_word' id='word_1_92' title='bbox 431 925 525 968; x_wconf 69' lang='lat' dir='ltr'>sane,</span> <span class='ocrx_word' id='word_1_93' title='bbox 551 924 571 961; x_wconf 85' lang='lat' dir='ltr'>fi</span> <span class='ocrx_word' id='word_1_94' title='bbox 589 929 765 963; x_wconf 78' lang='lat' dir='ltr'>Senatores</span> <span class='ocrx_word' id='word_1_95' title='bbox 782 950 793 968; x_wconf 89' lang='lat'>,</span> <span class='ocrx_word' id='word_1_96' title='bbox 818 925 986 968; x_wconf 76' lang='lat' dir='ltr'>Praefecti,</span> <span class='ocrx_word' id='word_1_97' title='bbox 1007 927 1043 962; x_wconf 83' lang='grc' dir='ltr'>8ε</span> <span class='ocrx_word' id='word_1_98' title='bbox 1069 925 1124 971; x_wconf 82' lang='lat' dir='ltr'>alij</span> <span class='ocrx_word' id='word_1_99' title='bbox 1142 924 1177 961; x_wconf 87' lang='lat' dir='ltr'>in</span> 
     </span>
     <span class='ocr_line' id='line_1_17' title="bbox 322 974 1172 1023; baseline 0 -12"><span class='ocrx_word' id='word_1_100' title='bbox 322 974 537 1023; x_wconf 80' lang='lat' dir='ltr'>dignitatibus</span> <span class='ocrx_word' id='word_1_101' title='bbox 545 975 732 1016; x_wconf 83' lang='lat' dir='ltr'>constituti,</span> <span class='ocrx_word' id='word_1_102' title='bbox 754 976 872 1011; x_wconf 89' lang='lat' dir='ltr'>ducere</span> <span class='ocrx_word' id='word_1_103' title='bbox 892 987 961 1011; x_wconf 89' lang='lat' dir='ltr'>non</span> <span class='ocrx_word' id='word_1_104' title='bbox 977 974 1096 1010; x_wconf 87' lang='lat' dir='ltr'>debent</span> <span class='ocrx_word' id='word_1_105' title='bbox 1114 987 1172 1011; x_wconf 77' lang='lat' dir='ltr'>an·</span> 
     </span>
     <span class='ocr_line' id='line_1_18' title="bbox 323 1024 1174 1071; baseline -0.001 -11"><span class='ocrx_word' id='word_1_106' title='bbox 323 1026 436 1066; x_wconf 85' lang='lat' dir='ltr'>cillas,</span> <span class='ocrx_word' id='word_1_107' title='bbox 463 1025 516 1060; x_wconf 89' lang='lat' dir='ltr'>vel</span> <span class='ocrx_word' id='word_1_108' title='bbox 533 1024 614 1060; x_wconf 75' lang='lat' dir='ltr'>alias</span> <span class='ocrx_word' id='word_1_109' title='bbox 630 1024 781 1060; x_wconf 87' lang='lat' dir='ltr'>obscuras</span> <span class='ocrx_word' id='word_1_110' title='bbox 800 1025 972 1066; x_wconf 84' lang='lat' dir='ltr'>mulieres,</span> <span class='ocrx_word' id='word_1_111' title='bbox 1000 1024 1059 1059; x_wconf 83' lang='lat' dir='ltr'>illa</span> <span class='ocrx_word' id='word_1_112' title='bbox 1073 1037 1174 1071; x_wconf 87' lang='lat' dir='ltr'>quam</span> 
     </span>
     <span class='ocr_line' id='line_1_19' title="bbox 323 1073 1173 1122; baseline 0 -13"><span class='ocrx_word' id='word_1_113' title='bbox 323 1076 465 1122; x_wconf 80' lang='lat' dir='ltr'>Spiritus</span> <span class='ocrx_word' id='word_1_114' title='bbox 476 1077 507 1110; x_wconf 93' lang='lat' dir='ltr'>S.</span> <span class='ocrx_word' id='word_1_115' title='bbox 519 1073 576 1110; x_wconf 83' lang='lat' dir='ltr'>fibi</span> <span class='ocrx_word' id='word_1_116' title='bbox 584 1073 802 1121; x_wconf 77' lang='lat' dir='ltr'>desponsavit,</span> <span class='ocrx_word' id='word_1_117' title='bbox 817 1073 950 1111; x_wconf 84' lang='lat' dir='ltr'>obscura</span> <span class='ocrx_word' id='word_1_118' title='bbox 962 1073 1102 1110; x_wconf 72' lang='lat' dir='ltr'>minime</span> <span class='ocrx_word' id='word_1_119' title='bbox 1121 1074 1173 1111; x_wconf 82' lang='lat' dir='ltr'>di-</span> 
     </span>
     <span class='ocr_line' id='line_1_20' title="bbox 321 1125 715 1166; baseline 0.003 -6"><span class='ocrx_word' id='word_1_120' title='bbox 321 1125 422 1160; x_wconf 85' lang='lat' dir='ltr'>cenda</span> <span class='ocrx_word' id='word_1_121' title='bbox 433 1126 505 1160; x_wconf 89' lang='lat' dir='ltr'>erit.</span> <span class='ocrx_word' id='word_1_122' title='bbox 555 1127 645 1159; x_wconf 81' lang='lat' dir='ltr'>Ratio</span> <span class='ocrx_word' id='word_1_123' title='bbox 653 1135 674 1166; x_wconf 89' lang='lat'>9</span> <span class='ocrx_word' id='word_1_124' title='bbox 684 1136 695 1158; x_wconf 88' lang='lat' dir='ltr'>r</span> <span class='ocrx_word' id='word_1_125' title='bbox 704 1149 715 1161; x_wconf 58' lang='lat'><em>0</em></span> 
     </span>
    </p>

    <p class='ocr_par' dir='ltr' id='par_1_10' title="bbox 274 1170 1175 1318">
     <span class='ocr_line' id='line_1_21' title="bbox 274 1170 1172 1219; baseline -0.003 -9"><span class='ocrx_word' id='word_1_126' title='bbox 274 1175 333 1218; x_wconf 82' lang='lat'>67.</span> <span class='ocrx_word' id='word_1_127' title='bbox 361 1175 392 1209; x_wconf 90' lang='lat' dir='ltr'>Si</span> <span class='ocrx_word' id='word_1_128' title='bbox 405 1172 662 1208; x_wconf 80' lang='lat' dir='ltr'>enimadstantes</span> <span class='ocrx_word' id='word_1_129' title='bbox 675 1172 769 1208; x_wconf 85' lang='lat' dir='ltr'>lateri</span> <span class='ocrx_word' id='word_1_130' title='bbox 787 1173 959 1219; x_wconf 86' lang='lat' dir='ltr'>Principis,</span> <span class='ocrx_word' id='word_1_131' title='bbox 969 1170 1172 1207; x_wconf 80' lang='lat' dir='ltr'>lllustresdi·</span> 
     </span>
     <span class='ocr_line' id='line_1_22' title="bbox 321 1220 1173 1270; baseline -0.001 -13"><span class='ocrx_word' id='word_1_132' title='bbox 321 1224 553 1268; x_wconf 74' lang='lat' dir='ltr'>cuntur‚juxta</span> <span class='ocrx_word' id='word_1_133' title='bbox 569 1221 672 1258; x_wconf 83' lang='lat' dir='ltr'>illud:</span> <span class='ocrx_word' id='word_1_134' title='bbox 701 1225 786 1270; x_wconf 65' lang='lat' dir='ltr'>Quos</span> <span class='ocrx_word' id='word_1_135' title='bbox 804 1224 907 1256; x_wconf 79' lang='lat' dir='ltr'>lateris</span> <span class='ocrx_word' id='word_1_136' title='bbox 919 1221 1012 1263; x_wconf 71' lang='lat' dir='ltr'>nostri</span> <span class='ocrx_word' id='word_1_137' title='bbox 1025 1220 1115 1257; x_wconf 87' lang='lat' dir='ltr'>decor</span> <span class='ocrx_word' id='word_1_138' title='bbox 1135 1221 1173 1257; x_wconf 83' lang='lat' dir='ltr'>il-</span> 
     </span>
     <span class='ocr_line' id='line_1_23' title="bbox 320 1270 1175 1318; baseline -0.002 -10"><span class='ocrx_word' id='word_1_139' title='bbox 320 1272 429 1316; x_wconf 71' lang='lat' dir='ltr'>lustrat</span> <span class='ocrx_word' id='word_1_140' title='bbox 445 1296 455 1313; x_wconf 91' lang='lat'><strong>,</strong></span> <span class='ocrx_word' id='word_1_141' title='bbox 490 1270 597 1307; x_wconf 80' lang='lat' dir='ltr'>multo</span> <span class='ocrx_word' id='word_1_142' title='bbox 623 1270 781 1306; x_wconf 83' lang='lat' dir='ltr'>illustrior</span> <span class='ocrx_word' id='word_1_143' title='bbox 800 1273 925 1318; x_wconf 83' lang='lat' dir='ltr'>Regina</span> <span class='ocrx_word' id='word_1_144' title='bbox 947 1273 1073 1312; x_wconf 80' lang='lat' dir='ltr'>Mater,</span> <span class='ocrx_word' id='word_1_145' title='bbox 1100 1283 1175 1317; x_wconf 75' lang='lat' dir='ltr'>quae</span> 
     </span>
    </p>

    <p class='ocr_par' dir='ltr' id='par_1_11' title="bbox 270 1319 1173 1366">
     <span class='ocr_line' id='line_1_24' title="bbox 270 1319 1173 1366; baseline 0 -9"><span class='ocrx_word' id='word_1_146' title='bbox 270 1331 272 1335; x_wconf 79' lang='grc'>’</span> <span class='ocrx_word' id='word_1_147' title='bbox 318 1322 420 1357; x_wconf 83' lang='lat' dir='ltr'>astitit</span> <span class='ocrx_word' id='word_1_148' title='bbox 434 1322 451 1356; x_wconf 73' lang='lat' dir='ltr'>a</span> <span class='ocrx_word' id='word_1_149' title='bbox 462 1321 598 1361; x_wconf 85' lang='lat' dir='ltr'>dextris,</span> <span class='ocrx_word' id='word_1_150' title='bbox 617 1319 652 1355; x_wconf 88' lang='lat' dir='ltr'>in</span> <span class='ocrx_word' id='word_1_151' title='bbox 663 1319 779 1356; x_wconf 85' lang='lat' dir='ltr'>vestitu</span> <span class='ocrx_word' id='word_1_152' title='bbox 797 1321 965 1356; x_wconf 87' lang='lat' dir='ltr'>deaurato.</span> <span class='ocrx_word' id='word_1_153' title='bbox 1016 1323 1106 1356; x_wconf 80' lang='lat' dir='ltr'>Ratio</span> <span class='ocrx_word' id='word_1_154' title='bbox 1117 1335 1134 1365; x_wconf 82' lang='lat'><em>5</em></span> <span class='ocrx_word' id='word_1_155' title='bbox 1140 1334 1173 1366; x_wconf 84' lang='lat'>5.</span> 
     </span>
    </p>

    <p class='ocr_par' dir='ltr' id='par_1_12' title="bbox 270 1369 1172 1468">
     <span class='ocr_line' id='line_1_25' title="bbox 270 1369 1172 1417; baseline -0.003 -9"><span class='ocrx_word' id='word_1_156' title='bbox 270 1375 328 1410; x_wconf 83' lang='lat'>68.</span> <span class='ocrx_word' id='word_1_157' title='bbox 356 1371 479 1406; x_wconf 87' lang='lat' dir='ltr'>Melior</span> <span class='ocrx_word' id='word_1_158' title='bbox 489 1370 646 1406; x_wconf 70' lang='lat' dir='ltr'>nimirum</span> <span class='ocrx_word' id='word_1_159' title='bbox 663 1369 762 1405; x_wconf 88' lang='lat' dir='ltr'>debet</span> <span class='ocrx_word' id='word_1_160' title='bbox 778 1370 838 1406; x_wconf 82' lang='lat' dir='ltr'>effe</span> <span class='ocrx_word' id='word_1_161' title='bbox 852 1370 1001 1407; x_wconf 87' lang='lat' dir='ltr'>conditio</span> <span class='ocrx_word' id='word_1_162' title='bbox 1010 1371 1146 1417; x_wconf 80' lang='lat' dir='ltr'>Reginae</span> <span class='ocrx_word' id='word_1_163' title='bbox 1159 1393 1172 1411; x_wconf 85' lang='lat'><em>‚</em></span> 
     </span>
     <span class='ocr_line' id='line_1_26' title="bbox 317 1421 751 1468; baseline 0 -13"><span class='ocrx_word' id='word_1_164' title='bbox 317 1421 417 1468; x_wconf 72' lang='lat' dir='ltr'>quarn</span> <span class='ocrx_word' id='word_1_165' title='bbox 436 1421 526 1455; x_wconf 83' lang='lat' dir='ltr'>servi.</span> <span class='ocrx_word' id='word_1_166' title='bbox 579 1422 670 1455; x_wconf 81' lang='lat' dir='ltr'>Ratio</span> <span class='ocrx_word' id='word_1_167' title='bbox 695 1431 751 1464; x_wconf 76' lang='lat'>31·</span> 
     </span>
    </p>
   </div>
   <div class='ocr_carea' id='block_1_6' title="bbox 271 1466 1204 1516">
    <p class='ocr_par' dir='ltr' id='par_1_13' title="bbox 271 1466 1204 1516">
     <span class='ocr_line' id='line_1_27' title="bbox 271 1466 1204 1516; baseline -0.003 -10"><span class='ocrx_word' id='word_1_168' title='bbox 271 1471 328 1516; x_wconf 82' lang='lat'>69.</span> <span class='ocrx_word' id='word_1_169' title='bbox 353 1469 427 1505; x_wconf 65' lang='lat' dir='ltr'>Irni&gt;</span> <span class='ocrx_word' id='word_1_170' title='bbox 439 1472 591 1515; x_wconf 80' lang='lat' dir='ltr'>Princeps</span> <span class='ocrx_word' id='word_1_171' title='bbox 609 1469 722 1503; x_wconf 82' lang='lat' dir='ltr'>eadem</span> <span class='ocrx_word' id='word_1_172' title='bbox 739 1467 912 1515; x_wconf 85' lang='lat' dir='ltr'>privilegia</span> <span class='ocrx_word' id='word_1_173' title='bbox 921 1466 1074 1515; x_wconf 66' lang='lat' dir='ltr'>Augustae</span> <span class='ocrx_word' id='word_1_174' title='bbox 1089 1479 1171 1503; x_wconf 86' lang='lat' dir='ltr'>con·</span> <span class='ocrx_word' id='word_1_175' title='bbox 1197 1476 1204 1480; x_wconf 84' lang='lat'>&#39;</span> 
     </span>
    </p>
   </div>
   <div class='ocr_carea' id='block_1_7' title="bbox 256 1518 1168 3246">
    <p class='ocr_par' dir='ltr' id='par_1_14' title="bbox 318 1518 918 1567">
     <span class='ocr_line' id='line_1_28' title="bbox 318 1518 918 1567; baseline -0.002 -13"><span class='ocrx_word' id='word_1_176' title='bbox 318 1520 416 1559; x_wconf 79' lang='lat' dir='ltr'>cedit&gt;</span> <span class='ocrx_word' id='word_1_177' title='bbox 435 1518 584 1567; x_wconf 81' lang='lat' dir='ltr'>quaeipse</span> <span class='ocrx_word' id='word_1_178' title='bbox 601 1518 708 1553; x_wconf 71' lang='lat' dir='ltr'>habet.</span> <span class='ocrx_word' id='word_1_179' title='bbox 760 1520 851 1553; x_wconf 80' lang='lat' dir='ltr'>Ratio</span> <span class='ocrx_word' id='word_1_180' title='bbox 863 1530 918 1560; x_wconf 86' lang='lat'>37.</span> 
     </span>
    </p>

    <p class='ocr_par' dir='ltr' id='par_1_15' title="bbox 269 1563 1167 1716">
     <span class='ocr_line' id='line_1_29' title="bbox 269 1563 1166 1617; baseline -0.004 -12"><span class='ocrx_word' id='word_1_181' title='bbox 269 1580 328 1617; x_wconf 87' lang='lat'>70.</span> <span class='ocrx_word' id='word_1_182' title='bbox 355 1572 429 1605; x_wconf 83' lang='lat' dir='ltr'>Nec</span> <span class='ocrx_word' id='word_1_183' title='bbox 440 1571 657 1604; x_wconf 66' lang='lat' dir='ltr'>annectuntur</span> <span class='ocrx_word' id='word_1_184' title='bbox 668 1566 788 1603; x_wconf 87' lang='lat' dir='ltr'>tributa</span> <span class='ocrx_word' id='word_1_185' title='bbox 799 1590 811 1607; x_wconf 90' lang='lat'>‚</span> <span class='ocrx_word' id='word_1_186' title='bbox 835 1569 869 1604; x_wconf 77' lang='grc' dir='ltr'>δι</span> <span class='ocrx_word' id='word_1_187' title='bbox 885 1563 1055 1614; x_wconf 76' lang='lat' dir='ltr'>pensiones</span> <span class='ocrx_word' id='word_1_188' title='bbox 1064 1564 1166 1601; x_wconf 85' lang='lat' dir='ltr'>bene-</span> 
     </span>
     <span class='ocr_line' id='line_1_30' title="bbox 318 1615 1167 1663; baseline -0.005 -9"><span class='ocrx_word' id='word_1_189' title='bbox 318 1617 398 1660; x_wconf 76' lang='lat' dir='ltr'>ficiis</span> <span class='ocrx_word' id='word_1_190' title='bbox 414 1619 499 1654; x_wconf 87' lang='lat' dir='ltr'>Filio</span> <span class='ocrx_word' id='word_1_191' title='bbox 515 1618 673 1663; x_wconf 85' lang='lat' dir='ltr'>Principis</span> <span class='ocrx_word' id='word_1_192' title='bbox 689 1615 854 1652; x_wconf 74' lang='lat' dir='ltr'>concessis,</span> <span class='ocrx_word' id='word_1_193' title='bbox 906 1618 1006 1662; x_wconf 78' lang='lat' dir='ltr'>Atqui</span> <span class='ocrx_word' id='word_1_194' title='bbox 1015 1618 1052 1653; x_wconf 86' lang='lat' dir='ltr'>B.</span> <span class='ocrx_word' id='word_1_195' title='bbox 1063 1618 1167 1663; x_wconf 88' lang='lat' dir='ltr'>Virgo</span> 
     </span>
     <span class='ocr_line' id='line_1_31' title="bbox 315 1666 951 1716; baseline -0.009 -11"><span class='ocrx_word' id='word_1_196' title='bbox 315 1668 361 1705; x_wconf 87' lang='lat' dir='ltr'>est</span> <span class='ocrx_word' id='word_1_197' title='bbox 371 1666 446 1704; x_wconf 83' lang='lat' dir='ltr'>Filia</span> <span class='ocrx_word' id='word_1_198' title='bbox 455 1669 613 1716; x_wconf 71' lang='lat' dir='ltr'>Principis,</span> <span class='ocrx_word' id='word_1_199' title='bbox 642 1668 741 1713; x_wconf 85' lang='lat' dir='ltr'>Ergo.</span> <span class='ocrx_word' id='word_1_200' title='bbox 791 1667 884 1701; x_wconf 85' lang='lat' dir='ltr'>Ratio</span> <span class='ocrx_word' id='word_1_201' title='bbox 895 1670 951 1709; x_wconf 83' lang='lat'>85.</span> 
     </span>
    </p>

    <p class='ocr_par' dir='ltr' id='par_1_16' title="bbox 271 1713 1167 1865">
     <span class='ocr_line' id='line_1_32' title="bbox 271 1713 1167 1764; baseline -0.008 -9"><span class='ocrx_word' id='word_1_202' title='bbox 271 1731 328 1764; x_wconf 81' lang='lat'>71·</span> <span class='ocrx_word' id='word_1_203' title='bbox 354 1720 429 1754; x_wconf 91' lang='lat' dir='ltr'>Nec</span> <span class='ocrx_word' id='word_1_204' title='bbox 438 1720 515 1764; x_wconf 86' lang='lat' dir='ltr'>Jura</span> <span class='ocrx_word' id='word_1_205' title='bbox 524 1714 701 1764; x_wconf 84' lang='lat' dir='ltr'>posteriora</span> <span class='ocrx_word' id='word_1_206' title='bbox 710 1727 855 1762; x_wconf 81' lang='lat' dir='ltr'>unquam</span> <span class='ocrx_word' id='word_1_207' title='bbox 869 1713 1000 1760; x_wconf 72' lang='lat' dir='ltr'>possunt</span> <span class='ocrx_word' id='word_1_208' title='bbox 1011 1713 1167 1761; x_wconf 79' lang='lat' dir='ltr'>derogare</span> 
     </span>
     <span class='ocr_line' id='line_1_33' title="bbox 316 1762 1165 1816; baseline -0.005 -13"><span class='ocrx_word' id='word_1_209' title='bbox 316 1764 552 1816; x_wconf 84' lang='lat' dir='ltr'>prioribus,nifi</span> <span class='ocrx_word' id='word_1_210' title='bbox 565 1767 599 1800; x_wconf 85' lang='lat' dir='ltr'>in</span> <span class='ocrx_word' id='word_1_211' title='bbox 611 1762 732 1801; x_wconf 72' lang='lat' dir='ltr'>cafibus</span> <span class='ocrx_word' id='word_1_212' title='bbox 745 1764 847 1812; x_wconf 72' lang='lat' dir='ltr'>aJure</span> <span class='ocrx_word' id='word_1_213' title='bbox 856 1763 1020 1811; x_wconf 78' lang='lat' dir='ltr'>expreffis,</span> <span class='ocrx_word' id='word_1_214' title='bbox 1053 1765 1165 1812; x_wconf 88' lang='lat' dir='ltr'>Atqui.</span> 
     </span>
     <span class='ocr_line' id='line_1_34' title="bbox 315 1818 637 1865; baseline -0.012 -11"><span class='ocrx_word' id='word_1_215' title='bbox 315 1820 416 1865; x_wconf 84' lang='lat' dir='ltr'>Ergo.</span> <span class='ocrx_word' id='word_1_216' title='bbox 468 1818 562 1851; x_wconf 89' lang='lat' dir='ltr'>Ratio</span> <span class='ocrx_word' id='word_1_217' title='bbox 577 1826 637 1860; x_wconf 82' lang='lat'>95.</span> 
     </span>
    </p>

    <p class='ocr_par' dir='ltr' id='par_1_17' title="bbox 266 1861 1168 2108">
     <span class='ocr_line' id='line_1_35' title="bbox 266 1861 1168 1914; baseline -0.004 -11"><span class='ocrx_word' id='word_1_218' title='bbox 266 1881 326 1914; x_wconf 90' lang='lat'>72.</span> <span class='ocrx_word' id='word_1_219' title='bbox 355 1866 483 1912; x_wconf 90' lang='lat' dir='ltr'>Aliquo</span> <span class='ocrx_word' id='word_1_220' title='bbox 501 1867 601 1900; x_wconf 88' lang='lat' dir='ltr'>etiam</span> <span class='ocrx_word' id='word_1_221' title='bbox 613 1862 775 1904; x_wconf 79' lang='lat' dir='ltr'>concesso,</span> <span class='ocrx_word' id='word_1_222' title='bbox 802 1862 917 1898; x_wconf 86' lang='lat' dir='ltr'>omnia</span> <span class='ocrx_word' id='word_1_223' title='bbox 934 1861 1168 1911; x_wconf 84' lang='lat' dir='ltr'>intelliguntur</span> 
     </span>
     <span class='ocr_line' id='line_1_36' title="bbox 312 1910 1165 1960; baseline -0.004 -9"><span class='ocrx_word' id='word_1_224' title='bbox 312 1913 458 1952; x_wconf 72' lang='lat' dir='ltr'>concessa</span> <span class='ocrx_word' id='word_1_225' title='bbox 471 1938 483 1956; x_wconf 84' lang='lat'>‚</span> <span class='ocrx_word' id='word_1_226' title='bbox 509 1912 574 1949; x_wconf 86' lang='lat' dir='ltr'>fine</span> <span class='ocrx_word' id='word_1_227' title='bbox 585 1914 702 1960; x_wconf 87' lang='lat' dir='ltr'>quibus</span> <span class='ocrx_word' id='word_1_228' title='bbox 713 1925 752 1948; x_wconf 90' lang='lat' dir='ltr'>eo</span> <span class='ocrx_word' id='word_1_229' title='bbox 763 1910 939 1947; x_wconf 74' lang='lat' dir='ltr'>commode</span> <span class='ocrx_word' id='word_1_230' title='bbox 950 1913 996 1947; x_wconf 86' lang='lat' dir='ltr'>uri</span> <span class='ocrx_word' id='word_1_231' title='bbox 1010 1925 1078 1947; x_wconf 89' lang='lat' dir='ltr'>non</span> <span class='ocrx_word' id='word_1_232' title='bbox 1092 1911 1165 1960; x_wconf 83' lang='lat' dir='ltr'>pos-</span> 
     </span>
     <span class='ocr_line' id='line_1_37' title="bbox 312 1961 1166 2011; baseline -0.004 -10"><span class='ocrx_word' id='word_1_233' title='bbox 312 1966 432 2002; x_wconf 89' lang='lat' dir='ltr'>sumus.</span> <span class='ocrx_word' id='word_1_234' title='bbox 484 1965 573 2011; x_wconf 85' lang='lat' dir='ltr'>Ergo</span> <span class='ocrx_word' id='word_1_235' title='bbox 590 1961 979 2002; x_wconf 73' lang='lat' dir='ltr'>conceffaMaternitate‚</span> <span class='ocrx_word' id='word_1_236' title='bbox 1012 1962 1075 1998; x_wconf 88' lang='lat' dir='ltr'>hoc</span> <span class='ocrx_word' id='word_1_237' title='bbox 1094 1962 1166 2010; x_wconf 85' lang='lat' dir='ltr'>ipso</span> 
     </span>
     <span class='ocr_line' id='line_1_38' title="bbox 311 2010 1163 2052; baseline -0.002 -1"><span class='ocrx_word' id='word_1_238' title='bbox 311 2016 435 2052; x_wconf 84' lang='lat' dir='ltr'>Mariae</span> <span class='ocrx_word' id='word_1_239' title='bbox 461 2010 608 2050; x_wconf 80' lang='lat' dir='ltr'>conceffa</span> <span class='ocrx_word' id='word_1_240' title='bbox 644 2011 689 2048; x_wconf 86' lang='lat' dir='ltr'>est</span> <span class='ocrx_word' id='word_1_241' title='bbox 709 2012 905 2048; x_wconf 81' lang='lat' dir='ltr'>immunitas</span> <span class='ocrx_word' id='word_1_242' title='bbox 931 2012 1049 2049; x_wconf 79' lang='lat' dir='ltr'>alabe.</span> <span class='ocrx_word' id='word_1_243' title='bbox 1098 2017 1163 2049; x_wconf 88' lang='lat' dir='ltr'>Ra·</span> 
     </span>
     <span class='ocr_line' id='line_1_39' title="bbox 312 2068 430 2108; baseline -0.025 -6"><span class='ocrx_word' id='word_1_244' title='bbox 312 2068 356 2102; x_wconf 78' lang='lat' dir='ltr'>tio</span> <span class='ocrx_word' id='word_1_245' title='bbox 371 2076 430 2108; x_wconf 79' lang='lat'>92.</span> 
     </span>
    </p>

    <p class='ocr_par' dir='ltr' id='par_1_18' title="bbox 263 2108 1165 2250">
     <span class='ocr_line' id='line_1_40' title="bbox 263 2108 1165 2163; baseline -0.003 -13"><span class='ocrx_word' id='word_1_246' title='bbox 263 2127 323 2163; x_wconf 86' lang='lat'>73.</span> <span class='ocrx_word' id='word_1_247' title='bbox 350 2112 527 2149; x_wconf 79' lang='lat' dir='ltr'>Praesertim</span> <span class='ocrx_word' id='word_1_248' title='bbox 546 2135 557 2154; x_wconf 90' lang='lat'>,</span> <span class='ocrx_word' id='word_1_249' title='bbox 582 2110 658 2147; x_wconf 74' lang='lat' dir='ltr'>cum</span> <span class='ocrx_word' id='word_1_250' title='bbox 685 2108 881 2147; x_wconf 82' lang='lat' dir='ltr'>beneficium</span> <span class='ocrx_word' id='word_1_251' title='bbox 898 2133 909 2150; x_wconf 82' lang='lat'>,</span> <span class='ocrx_word' id='word_1_252' title='bbox 934 2111 968 2146; x_wconf 89' lang='lat'>&amp;</span> <span class='ocrx_word' id='word_1_253' title='bbox 994 2109 1165 2147; x_wconf 85' lang='lat' dir='ltr'>indultum</span> 
     </span>
     <span class='ocr_line' id='line_1_41' title="bbox 309 2159 1165 2211; baseline -0.007 -12"><span class='ocrx_word' id='word_1_254' title='bbox 309 2164 472 2211; x_wconf 78' lang='lat' dir='ltr'>Principis</span> <span class='ocrx_word' id='word_1_255' title='bbox 496 2162 535 2198; x_wconf 80' lang='lat' dir='ltr'>fit</span> <span class='ocrx_word' id='word_1_256' title='bbox 562 2160 712 2198; x_wconf 72' lang='lat' dir='ltr'>latiffime</span> <span class='ocrx_word' id='word_1_257' title='bbox 748 2159 1043 2208; x_wconf 83' lang='lat' dir='ltr'>interpretandum.</span> <span class='ocrx_word' id='word_1_258' title='bbox 1102 2164 1165 2196; x_wconf 82' lang='lat' dir='ltr'>Ra-</span> 
     </span>
     <span class='ocr_line' id='line_1_42' title="bbox 310 2216 434 2250; baseline -0.032 0"><span class='ocrx_word' id='word_1_259' title='bbox 310 2216 355 2250; x_wconf 91' lang='lat' dir='ltr'>tio</span> <span class='ocrx_word' id='word_1_260' title='bbox 374 2217 398 2249; x_wconf 88' lang='lat'><em>6</em></span> <span class='ocrx_word' id='word_1_261' title='bbox 425 2237 434 2246; x_wconf 91' lang='lat'>.</span> 
     </span>
    </p>

    <p class='ocr_par' dir='ltr' id='par_1_19' title="bbox 262 2227 1164 2360">
     <span class='ocr_line' id='line_1_43' title="bbox 262 2227 1164 2310; baseline -0.003 -11"><span class='ocrx_word' id='word_1_262' title='bbox 262 2274 322 2310; x_wconf 81' lang='lat'>74.</span> <span class='ocrx_word' id='word_1_263' title='bbox 344 2227 479 2309; x_wconf 65' lang='lat' dir='ltr'>Insiiper</span> <span class='ocrx_word' id='word_1_264' title='bbox 495 2264 605 2298; x_wconf 87' lang='lat' dir='ltr'>Mater</span> <span class='ocrx_word' id='word_1_265' title='bbox 618 2284 630 2302; x_wconf 91' lang='lat'>,</span> <span class='ocrx_word' id='word_1_266' title='bbox 656 2272 693 2296; x_wconf 85' lang='lat' dir='ltr'>ac</span> <span class='ocrx_word' id='word_1_267' title='bbox 712 2259 823 2296; x_wconf 85' lang='lat' dir='ltr'>Proles</span> <span class='ocrx_word' id='word_1_268' title='bbox 847 2258 966 2295; x_wconf 89' lang='lat' dir='ltr'>eodem</span> <span class='ocrx_word' id='word_1_269' title='bbox 986 2257 1164 2308; x_wconf 86' lang='lat' dir='ltr'>privilegio</span> 
     </span>
     <span class='ocr_line' id='line_1_44' title="bbox 309 2312 671 2360; baseline -0.008 -12"><span class='ocrx_word' id='word_1_270' title='bbox 309 2312 484 2360; x_wconf 80' lang='lat' dir='ltr'>gaudeant.</span> <span class='ocrx_word' id='word_1_271' title='bbox 537 2313 628 2347; x_wconf 91' lang='lat' dir='ltr'>Ratio</span> <span class='ocrx_word' id='word_1_272' title='bbox 638 2323 671 2355; x_wconf 86' lang='lat'>4.</span> 
     </span>
    </p>

    <p class='ocr_par' dir='ltr' id='par_1_20' title="bbox 262 2355 1160 2460">
     <span class='ocr_line' id='line_1_45' title="bbox 262 2355 1160 2409; baseline -0.003 -11"><span class='ocrx_word' id='word_1_273' title='bbox 262 2374 322 2409; x_wconf 84' lang='lat'>75.</span> <span class='ocrx_word' id='word_1_274' title='bbox 348 2360 725 2408; x_wconf 85' lang='lat' dir='ltr'>Deindeiniquiffimurn</span> <span class='ocrx_word' id='word_1_275' title='bbox 736 2355 792 2397; x_wconf 81' lang='lat' dir='ltr'>fit,</span> <span class='ocrx_word' id='word_1_276' title='bbox 809 2359 940 2393; x_wconf 84' lang='lat' dir='ltr'>Patrem</span> <span class='ocrx_word' id='word_1_277' title='bbox 952 2357 1005 2394; x_wconf 83' lang='lat' dir='ltr'>vel</span> <span class='ocrx_word' id='word_1_278' title='bbox 1016 2359 1160 2395; x_wconf 80' lang='lat' dir='ltr'>Matrem</span> 
     </span>
     <span class='ocr_line' id='line_1_46' title="bbox 310 2406 1146 2460; baseline -0.005 -13"><span class='ocrx_word' id='word_1_279' title='bbox 310 2424 404 2460; x_wconf 84' lang='lat' dir='ltr'>egere</span> <span class='ocrx_word' id='word_1_280' title='bbox 413 2435 423 2454; x_wconf 64' lang='lat'>2</span> <span class='ocrx_word' id='word_1_281' title='bbox 449 2412 541 2454; x_wconf 85' lang='lat' dir='ltr'>cujus</span> <span class='ocrx_word' id='word_1_282' title='bbox 551 2410 655 2445; x_wconf 86' lang='lat' dir='ltr'>Filius</span> <span class='ocrx_word' id='word_1_283' title='bbox 665 2410 699 2444; x_wconf 87' lang='lat' dir='ltr'>in</span> <span class='ocrx_word' id='word_1_284' title='bbox 711 2406 922 2444; x_wconf 85' lang='lat' dir='ltr'>facultatibus</span> <span class='ocrx_word' id='word_1_285' title='bbox 929 2406 984 2444; x_wconf 87' lang='lat' dir='ltr'>est.</span> <span class='ocrx_word' id='word_1_286' title='bbox 1011 2410 1101 2444; x_wconf 88' lang='lat' dir='ltr'>Ratio</span> <span class='ocrx_word' id='word_1_287' title='bbox 1113 2411 1146 2449; x_wconf 80' lang='lat'>6.</span> 
     </span>
    </p>

    <p class='ocr_par' dir='ltr' id='par_1_21' title="bbox 262 2455 1163 2605">
     <span class='ocr_line' id='line_1_47' title="bbox 262 2455 1160 2508; baseline -0.006 -11"><span class='ocrx_word' id='word_1_288' title='bbox 262 2465 319 2508; x_wconf 88' lang='lat'>76.</span> <span class='ocrx_word' id='word_1_289' title='bbox 344 2460 628 2497; x_wconf 86' lang='lat' dir='ltr'>Benefacientibus</span> <span class='ocrx_word' id='word_1_290' title='bbox 643 2461 733 2494; x_wconf 90' lang='lat' dir='ltr'>enim</span> <span class='ocrx_word' id='word_1_291' title='bbox 748 2455 846 2492; x_wconf 90' lang='lat' dir='ltr'>nobis</span> <span class='ocrx_word' id='word_1_292' title='bbox 858 2456 1044 2494; x_wconf 79' lang='lat' dir='ltr'>benefacere</span> <span class='ocrx_word' id='word_1_293' title='bbox 1060 2457 1160 2493; x_wconf 79' lang='lat' dir='ltr'>debe.</span> 
     </span>
     <span class='ocr_line' id='line_1_48' title="bbox 309 2505 1163 2555; baseline -0.004 -8"><span class='ocrx_word' id='word_1_294' title='bbox 309 2524 410 2554; x_wconf 84' lang='lat' dir='ltr'>mus;</span> <span class='ocrx_word' id='word_1_295' title='bbox 450 2522 527 2545; x_wconf 86' lang='lat' dir='ltr'>narn</span> <span class='ocrx_word' id='word_1_296' title='bbox 545 2508 691 2553; x_wconf 78' lang='lat' dir='ltr'>beneficii</span> <span class='ocrx_word' id='word_1_297' title='bbox 716 2518 864 2555; x_wconf 88' lang='lat' dir='ltr'>receptor</span> <span class='ocrx_word' id='word_1_298' title='bbox 878 2530 888 2548; x_wconf 84' lang='grc'><strong><em>,</em></strong></span> <span class='ocrx_word' id='word_1_299' title='bbox 914 2506 1021 2554; x_wconf 87' lang='lat' dir='ltr'>qualis</span> <span class='ocrx_word' id='word_1_300' title='bbox 1039 2505 1085 2543; x_wconf 89' lang='lat' dir='ltr'>est</span> <span class='ocrx_word' id='word_1_301' title='bbox 1105 2508 1163 2545; x_wconf 72' lang='lat' dir='ltr'>Fi·</span> 
     </span>
     <span class='ocr_line' id='line_1_49' title="bbox 305 2558 1014 2605; baseline -0.006 -9"><span class='ocrx_word' id='word_1_302' title='bbox 305 2560 387 2601; x_wconf 86' lang='lat' dir='ltr'>lius.</span> <span class='ocrx_word' id='word_1_303' title='bbox 414 2558 607 2595; x_wconf 74' lang='lat' dir='ltr'>natu‘raliter</span> <span class='ocrx_word' id='word_1_304' title='bbox 615 2558 792 2605; x_wconf 82' lang='lat' dir='ltr'>obligatur.</span> <span class='ocrx_word' id='word_1_305' title='bbox 842 2558 934 2593; x_wconf 87' lang='lat' dir='ltr'>Ratio</span> <span class='ocrx_word' id='word_1_306' title='bbox 958 2568 1014 2601; x_wconf 88' lang='lat'>9⁰·</span> 
     </span>
    </p>

    <p class='ocr_par' dir='ltr' id='par_1_22' title="bbox 256 2604 1159 2901">
     <span class='ocr_line' id='line_1_50' title="bbox 256 2604 1158 2661; baseline -0.002 -17"><span class='ocrx_word' id='word_1_307' title='bbox 256 2624 316 2661; x_wconf 86' lang='lat'>77.</span> <span class='ocrx_word' id='word_1_308' title='bbox 341 2611 432 2646; x_wconf 81' lang='lat' dir='ltr'>Sicut</span> <span class='ocrx_word' id='word_1_309' title='bbox 449 2611 540 2644; x_wconf 87' lang='lat' dir='ltr'>enim</span> <span class='ocrx_word' id='word_1_310' title='bbox 579 2611 597 2654; x_wconf 82' lang='grc'>(</span> <span class='ocrx_word' id='word_1_311' title='bbox 617 2607 695 2644; x_wconf 88' lang='lat' dir='ltr'>teste</span> <span class='ocrx_word' id='word_1_312' title='bbox 721 2605 896 2643; x_wconf 89' lang='lat' dir='ltr'>Aristotele</span> <span class='ocrx_word' id='word_1_313' title='bbox 913 2606 934 2648; x_wconf 84' lang='lat'><em>)</em></span> <span class='ocrx_word' id='word_1_314' title='bbox 959 2618 1060 2642; x_wconf 90' lang='lat' dir='ltr'>nemo</span> <span class='ocrx_word' id='word_1_315' title='bbox 1079 2604 1124 2643; x_wconf 92' lang='lat' dir='ltr'>est</span> <span class='ocrx_word' id='word_1_316' title='bbox 1146 2629 1158 2649; x_wconf 78' lang='lat'>,</span> 
     </span>
     <span class='ocr_line' id='line_1_51' title="bbox 305 2654 1159 2707; baseline -0.006 -12"><span class='ocrx_word' id='word_1_317' title='bbox 305 2662 361 2707; x_wconf 88' lang='lat' dir='ltr'>qui</span> <span class='ocrx_word' id='word_1_318' title='bbox 378 2658 495 2695; x_wconf 87' lang='lat' dir='ltr'>habeat</span> <span class='ocrx_word' id='word_1_319' title='bbox 512 2657 605 2705; x_wconf 87' lang='lat' dir='ltr'>super</span> <span class='ocrx_word' id='word_1_320' title='bbox 622 2657 752 2705; x_wconf 84' lang='lat' dir='ltr'>aliquos</span> <span class='ocrx_word' id='word_1_321' title='bbox 772 2655 873 2691; x_wconf 84' lang='lat' dir='ltr'>talem</span> <span class='ocrx_word' id='word_1_322' title='bbox 895 2654 965 2691; x_wconf 83' lang='lat' dir='ltr'>obli</span> <span class='ocrx_word' id='word_1_323' title='bbox 990 2657 1135 2691; x_wconf 78' lang='lat' dir='ltr'>ationem</span> <span class='ocrx_word' id='word_1_324' title='bbox 1146 2678 1159 2698; x_wconf 75' lang='lat'>‚</span> 
     </span>
     <span class='ocr_line' id='line_1_52' title="bbox 305 2668 1158 2757; baseline -0.002 -13"><span class='ocrx_word' id='word_1_325' title='bbox 305 2709 439 2757; x_wconf 88' lang='lat' dir='ltr'>qualem</span> <span class='ocrx_word' id='word_1_326' title='bbox 447 2707 568 2744; x_wconf 88' lang='lat' dir='ltr'>habent</span> <span class='ocrx_word' id='word_1_327' title='bbox 577 2710 729 2743; x_wconf 86' lang='lat' dir='ltr'>Parentes</span> <span class='ocrx_word' id='word_1_328' title='bbox 739 2704 918 2753; x_wconf 78' lang='lat' dir='ltr'>superfilios</span> <span class='ocrx_word' id='word_1_329' title='bbox 927 2715 938 2737; x_wconf 67' lang='grc' dir='ltr'>ἒ</span> <span class='ocrx_word' id='word_1_330' title='bbox 962 2668 1004 2741; x_wconf 52' lang='grc' dir='ltr'>ἐς</span> <span class='ocrx_word' id='word_1_331' title='bbox 1021 2705 1158 2742; x_wconf 85' lang='lat' dir='ltr'>viciffim</span> 
     </span>
     <span class='ocr_line' id='line_1_53' title="bbox 307 2753 1156 2806; baseline -0.005 -12"><span class='ocrx_word' id='word_1_332' title='bbox 307 2758 499 2806; x_wconf 82' lang='lat' dir='ltr'>obligantur</span> <span class='ocrx_word' id='word_1_333' title='bbox 509 2756 604 2802; x_wconf 81' lang='lat' dir='ltr'>Filij,</span> <span class='ocrx_word' id='word_1_334' title='bbox 627 2756 695 2792; x_wconf 85' lang='lat' dir='ltr'>illis</span> <span class='ocrx_word' id='word_1_335' title='bbox 704 2753 897 2796; x_wconf 74' lang='lat' dir='ltr'>subvenire,</span> <span class='ocrx_word' id='word_1_336' title='bbox 918 2753 1095 2791; x_wconf 76' lang='lat' dir='ltr'>secundum</span> <span class='ocrx_word' id='word_1_337' title='bbox 1104 2766 1156 2790; x_wconf 87' lang='lat' dir='ltr'>to-</span> 
     </span>
     <span class='ocr_line' id='line_1_54' title="bbox 308 2803 1159 2851; baseline -0.002 -8"><span class='ocrx_word' id='word_1_338' title='bbox 308 2819 380 2843; x_wconf 86' lang='lat' dir='ltr'>tum</span> <span class='ocrx_word' id='word_1_339' title='bbox 398 2807 493 2844; x_wconf 90' lang='lat' dir='ltr'>suum</span> <span class='ocrx_word' id='word_1_340' title='bbox 503 2805 584 2848; x_wconf 81' lang='lat' dir='ltr'>esse,</span> <span class='ocrx_word' id='word_1_341' title='bbox 610 2808 644 2843; x_wconf 75' lang='grc' dir='ltr'>δι</span> <span class='ocrx_word' id='word_1_342' title='bbox 669 2816 788 2840; x_wconf 84' lang='lat' dir='ltr'>omnes</span> <span class='ocrx_word' id='word_1_343' title='bbox 806 2805 909 2847; x_wconf 85' lang='lat' dir='ltr'>vites,</span> <span class='ocrx_word' id='word_1_344' title='bbox 933 2803 1024 2851; x_wconf 84' lang='lat' dir='ltr'>quod</span> <span class='ocrx_word' id='word_1_345' title='bbox 1037 2806 1159 2841; x_wconf 74' lang='lat' dir='ltr'>Mariae</span> 
     </span>
     <span class='ocr_line' id='line_1_55' title="bbox 306 2856 733 2901; baseline 0.002 -9"><span class='ocrx_word' id='word_1_346' title='bbox 306 2856 409 2892; x_wconf 88' lang='lat' dir='ltr'>Filius</span> <span class='ocrx_word' id='word_1_347' title='bbox 419 2857 507 2893; x_wconf 89' lang='lat' dir='ltr'>fecit.</span> <span class='ocrx_word' id='word_1_348' title='bbox 559 2857 650 2892; x_wconf 87' lang='lat' dir='ltr'>Ratio</span> <span class='ocrx_word' id='word_1_349' title='bbox 672 2867 691 2898; x_wconf 92' lang='lat'><em>7</em></span> <span class='ocrx_word' id='word_1_350' title='bbox 696 2868 733 2901; x_wconf 82' lang='lat'>5·</span> 
     </span>
    </p>

    <p class='ocr_par' dir='ltr' id='par_1_23' title="bbox 259 2899 1160 3051">
     <span class='ocr_line' id='line_1_56' title="bbox 259 2899 1160 2953; baseline -0.008 -10"><span class='ocrx_word' id='word_1_351' title='bbox 259 2911 322 2953; x_wconf 43' lang='lat'>78⁶</span> <span class='ocrx_word' id='word_1_352' title='bbox 350 2905 425 2941; x_wconf 76' lang='lat' dir='ltr'>Imo</span> <span class='ocrx_word' id='word_1_353' title='bbox 436 2905 748 2953; x_wconf 78' lang='lat' dir='ltr'>Aristotelesputat,</span> <span class='ocrx_word' id='word_1_354' title='bbox 774 2902 940 2939; x_wconf 87' lang='lat' dir='ltr'>honorem</span> <span class='ocrx_word' id='word_1_355' title='bbox 956 2899 1160 2949; x_wconf 85' lang='lat' dir='ltr'>parentibus,</span> 
     </span>
     <span class='ocr_line' id='line_1_57' title="bbox 306 2950 1159 3002; baseline -0.004 -12"><span class='ocrx_word' id='word_1_356' title='bbox 306 2953 401 3002; x_wconf 83' lang='lat' dir='ltr'>quasi</span> <span class='ocrx_word' id='word_1_357' title='bbox 420 2955 512 2999; x_wconf 78' lang='lat' dir='ltr'>Diis,</span> <span class='ocrx_word' id='word_1_358' title='bbox 539 2954 766 2990; x_wconf 88' lang='lat' dir='ltr'>exhibendum</span> <span class='ocrx_word' id='word_1_359' title='bbox 780 2952 865 2997; x_wconf 79' lang='lat' dir='ltr'>esse3</span> <span class='ocrx_word' id='word_1_360' title='bbox 890 2953 967 2999; x_wconf 86' lang='lat' dir='ltr'>quia</span> <span class='ocrx_word' id='word_1_361' title='bbox 986 2950 1044 2997; x_wconf 82' lang='lat' dir='ltr'>filij</span> <span class='ocrx_word' id='word_1_362' title='bbox 1056 2953 1159 2999; x_wconf 88' lang='lat' dir='ltr'>aequi-</span> 
     </span>
     <span class='ocr_line' id='line_1_58' title="bbox 305 3001 1015 3051; baseline -0.004 -11"><span class='ocrx_word' id='word_1_363' title='bbox 305 3004 420 3040; x_wconf 85' lang='lat' dir='ltr'>valens</span> <span class='ocrx_word' id='word_1_364' title='bbox 429 3002 578 3051; x_wconf 76' lang='lat' dir='ltr'>praestare</span> <span class='ocrx_word' id='word_1_365' title='bbox 586 3016 655 3039; x_wconf 88' lang='lat' dir='ltr'>non</span> <span class='ocrx_word' id='word_1_366' title='bbox 667 3001 809 3051; x_wconf 74' lang='lat' dir='ltr'>possunt.</span> <span class='ocrx_word' id='word_1_367' title='bbox 856 3004 946 3038; x_wconf 89' lang='lat' dir='ltr'>Ratio</span> <span class='ocrx_word' id='word_1_368' title='bbox 957 3006 1015 3046; x_wconf 84' lang='lat'>84.</span> 
     </span>
    </p>

    <p class='ocr_par' dir='ltr' id='par_1_24' title="bbox 257 3048 1161 3246">
     <span class='ocr_line' id='line_1_59' title="bbox 257 3048 1157 3104; baseline -0.004 -16"><span class='ocrx_word' id='word_1_369' title='bbox 257 3065 316 3104; x_wconf 81' lang='lat'>79.</span> <span class='ocrx_word' id='word_1_370' title='bbox 342 3051 591 3099; x_wconf 69' lang='lat' dir='ltr'>EtnonueJura</span> <span class='ocrx_word' id='word_1_371' title='bbox 614 3053 850 3098; x_wconf 83' lang='lat' dir='ltr'>pronuntiant,</span> <span class='ocrx_word' id='word_1_372' title='bbox 875 3050 980 3087; x_wconf 87' lang='lat' dir='ltr'>vestes</span> <span class='ocrx_word' id='word_1_373' title='bbox 993 3048 1157 3097; x_wconf 84' lang='lat' dir='ltr'>reliquen-</span> 
     </span>
     <span class='ocr_line' id='line_1_60' title="bbox 306 3098 1157 3149; baseline -0.006 -11"><span class='ocrx_word' id='word_1_374' title='bbox 306 3102 364 3138; x_wconf 80' lang='lat' dir='ltr'>das</span> <span class='ocrx_word' id='word_1_375' title='bbox 371 3100 432 3137; x_wconf 80' lang='lat' dir='ltr'>effe</span> <span class='ocrx_word' id='word_1_376' title='bbox 444 3100 605 3137; x_wconf 70' lang='lat' dir='ltr'>debitori?</span> <span class='ocrx_word' id='word_1_377' title='bbox 619 3101 694 3137; x_wconf 67' lang='lat' dir='ltr'>cum</span> <span class='ocrx_word' id='word_1_378' title='bbox 703 3114 783 3149; x_wconf 85' lang='lat' dir='ltr'>ergo</span> <span class='ocrx_word' id='word_1_379' title='bbox 794 3102 899 3138; x_wconf 84' lang='lat' dir='ltr'>Maria</span> <span class='ocrx_word' id='word_1_380' title='bbox 911 3098 947 3136; x_wconf 86' lang='lat' dir='ltr'>fit</span> <span class='ocrx_word' id='word_1_381' title='bbox 955 3099 1047 3148; x_wconf 80' lang='lat' dir='ltr'>quasi</span> <span class='ocrx_word' id='word_1_382' title='bbox 1059 3099 1157 3134; x_wconf 84' lang='lat' dir='ltr'>vestis</span> 
     </span>
     <span class='ocr_line' id='line_1_61' title="bbox 306 3147 1161 3198; baseline -0.002 -11"><span class='ocrx_word' id='word_1_383' title='bbox 306 3151 452 3194; x_wconf 81' lang='lat' dir='ltr'>Christi,</span> <span class='ocrx_word' id='word_1_384' title='bbox 477 3151 590 3198; x_wconf 87' lang='lat' dir='ltr'>quiex</span> <span class='ocrx_word' id='word_1_385' title='bbox 604 3152 675 3198; x_wconf 65' lang='lat' dir='ltr'>ipsa</span> <span class='ocrx_word' id='word_1_386' title='bbox 692 3163 824 3186; x_wconf 87' lang='lat' dir='ltr'>carnem</span> <span class='ocrx_word' id='word_1_387' title='bbox 845 3149 1026 3192; x_wconf 78' lang='lat' dir='ltr'>assumens,</span> <span class='ocrx_word' id='word_1_388' title='bbox 1048 3147 1161 3185; x_wconf 78' lang='lat' dir='ltr'>habim</span> 
     </span>
     <span class='ocr_line' id='line_1_62' title="bbox 306 3196 1157 3246; baseline -0.004 -7"><span class='ocrx_word' id='word_1_389' title='bbox 306 3203 448 3244; x_wconf 70' lang='lat' dir='ltr'>inventus</span> <span class='ocrx_word' id='word_1_390' title='bbox 464 3197 613 3239; x_wconf 70' lang='lat' dir='ltr'>nih-mo</span> <span class='ocrx_word' id='word_1_391' title='bbox 634 3223 645 3245; x_wconf 77' lang='lat' dir='ltr'>a</span> <span class='ocrx_word' id='word_1_392' title='bbox 670 3199 779 3238; x_wconf 83' lang='lat' dir='ltr'>nostra</span> <span class='ocrx_word' id='word_1_393' title='bbox 799 3201 833 3237; x_wconf 87' lang='lat' dir='ltr'>in</span> <span class='ocrx_word' id='word_1_394' title='bbox 858 3200 889 3238; x_wconf 88' lang='lat' dir='ltr'>se</span> <span class='ocrx_word' id='word_1_395' title='bbox 915 3198 1025 3245; x_wconf 76' lang='lat' dir='ltr'>debita</span> <span class='ocrx_word' id='word_1_396' title='bbox 1053 3196 1157 3246; x_wconf 70' lang='lat' dir='ltr'>susce-g</span> 
     </span>
    </p>
   </div>
   <div class='ocr_carea' id='block_1_8' title="bbox 1205 238 2130 3278">
    <p class='ocr_par' dir='ltr' id='par_1_25' title="bbox 1283 238 2130 321">
     <span class='ocr_line' id='line_1_63' title="bbox 1283 238 2130 321; baseline 0.014 -51"><span class='ocrx_word' id='word_1_397' title='bbox 1283 238 1351 321; x_wconf 72' lang='lat' dir='ltr'>pit,</span> <span class='ocrx_word' id='word_1_398' title='bbox 1391 241 1492 275; x_wconf 84' lang='lat' dir='ltr'>etiam</span> <span class='ocrx_word' id='word_1_399' title='bbox 1510 243 1618 278; x_wconf 86' lang='lat' dir='ltr'>Maria</span> <span class='ocrx_word' id='word_1_400' title='bbox 1637 243 1692 278; x_wconf 84' lang='lat' dir='ltr'>illi</span> <span class='ocrx_word' id='word_1_401' title='bbox 1712 243 1929 293; x_wconf 82' lang='lat' dir='ltr'>relinquenda</span> <span class='ocrx_word' id='word_1_402' title='bbox 1948 246 2021 283; x_wconf 86' lang='lat' dir='ltr'>erit.</span> <span class='ocrx_word' id='word_1_403' title='bbox 2069 248 2130 285; x_wconf 57' lang='lat' dir='ltr'>Rari</span> 
     </span>
    </p>

    <p class='ocr_par' dir='ltr' id='par_1_26' title="bbox 1298 296 1406 331">
     <span class='ocr_line' id='line_1_64' title="bbox 1298 296 1406 331; baseline 0.019 -11"><span class='ocrx_word' id='word_1_404' title='bbox 1298 297 1328 321; x_wconf 84' lang='lat' dir='ltr'>zo</span> <span class='ocrx_word' id='word_1_405' title='bbox 1351 296 1406 331; x_wconf 82' lang='lat'>5⁰·</span> 
     </span>
    </p>

    <p class='ocr_par' dir='ltr' id='par_1_27' title="bbox 1234 336 2128 486">
     <span class='ocr_line' id='line_1_65' title="bbox 1234 336 2128 393; baseline 0.008 -19"><span class='ocrx_word' id='word_1_406' title='bbox 1234 341 1290 374; x_wconf 82' lang='lat'>80.</span> <span class='ocrx_word' id='word_1_407' title='bbox 1317 336 1569 371; x_wconf 80' lang='lat' dir='ltr'>Foeminasitem</span> <span class='ocrx_word' id='word_1_408' title='bbox 1577 338 1612 371; x_wconf 91' lang='lat' dir='ltr'>in</span> <span class='ocrx_word' id='word_1_409' title='bbox 1626 337 1704 374; x_wconf 85' lang='lat' dir='ltr'>dote</span> <span class='ocrx_word' id='word_1_410' title='bbox 1713 342 1930 390; x_wconf 83' lang='lat' dir='ltr'>protegendas</span> <span class='ocrx_word' id='word_1_411' title='bbox 1942 342 2003 380; x_wconf 80' lang='lat' dir='ltr'>effe</span> <span class='ocrx_word' id='word_1_412' title='bbox 2014 369 2024 386; x_wconf 93' lang='lat'>‚</span> <span class='ocrx_word' id='word_1_413' title='bbox 2049 349 2128 393; x_wconf 74' lang='lat' dir='ltr'>Jura</span> 
     </span>
     <span class='ocr_line' id='line_1_66' title="bbox 1282 383 2128 442; baseline 0.012 -22"><span class='ocrx_word' id='word_1_414' title='bbox 1282 383 1413 420; x_wconf 78' lang='lat' dir='ltr'>volunt.</span> <span class='ocrx_word' id='word_1_415' title='bbox 1438 388 1472 421; x_wconf 86' lang='lat'>&amp;</span> <span class='ocrx_word' id='word_1_416' title='bbox 1497 385 1575 431; x_wconf 89' lang='lat' dir='ltr'>quid</span> <span class='ocrx_word' id='word_1_417' title='bbox 1595 386 1685 422; x_wconf 82' lang='lat' dir='ltr'>aliud</span> <span class='ocrx_word' id='word_1_418' title='bbox 1707 389 1752 424; x_wconf 90' lang='lat' dir='ltr'>est</span> <span class='ocrx_word' id='word_1_419' title='bbox 1772 393 1999 437; x_wconf 72' lang='lat' dir='ltr'>praesewario,</span> <span class='ocrx_word' id='word_1_420' title='bbox 2027 406 2128 442; x_wconf 73' lang='lat' dir='ltr'>quam&#39;</span> 
     </span>
     <span class='ocr_line' id='line_1_67' title="bbox 1284 434 2118 486; baseline 0.014 -19"><span class='ocrx_word' id='word_1_421' title='bbox 1284 434 1344 469; x_wconf 84' lang='lat' dir='ltr'>dos</span> <span class='ocrx_word' id='word_1_422' title='bbox 1363 434 1641 482; x_wconf 73' lang='lat' dir='ltr'>MariaeaSpiritu</span> <span class='ocrx_word' id='word_1_423' title='bbox 1653 438 1770 473; x_wconf 64' lang='lat' dir='ltr'>Sancto</span> <span class='ocrx_word' id='word_1_424' title='bbox 1779 443 1930 486; x_wconf 68' lang='lat' dir='ltr'>accepta?</span> <span class='ocrx_word' id='word_1_425' title='bbox 1957 446 2046 480; x_wconf 84' lang='lat' dir='ltr'>Ratio</span> <span class='ocrx_word' id='word_1_426' title='bbox 2062 452 2118 482; x_wconf 55' lang='grc' dir='ltr'>ιδ’.</span> 
     </span>
    </p>

    <p class='ocr_par' dir='ltr' id='par_1_28' title="bbox 1237 483 2129 727">
     <span class='ocr_line' id='line_1_68' title="bbox 1237 483 2127 542; baseline 0.013 -24"><span class='ocrx_word' id='word_1_427' title='bbox 1237 489 1293 525; x_wconf 89' lang='lat'>81.</span> <span class='ocrx_word' id='word_1_428' title='bbox 1315 483 1483 522; x_wconf 69' lang='lat' dir='ltr'>Praeterea,</span> <span class='ocrx_word' id='word_1_429' title='bbox 1499 496 1533 518; x_wconf 92' lang='lat' dir='ltr'>ut</span> <span class='ocrx_word' id='word_1_430' title='bbox 1545 486 1619 531; x_wconf 86' lang='lat' dir='ltr'>quis</span> <span class='ocrx_word' id='word_1_431' title='bbox 1629 486 1724 532; x_wconf 83' lang='lat' dir='ltr'>poffit</span> <span class='ocrx_word' id='word_1_432' title='bbox 1734 490 2015 528; x_wconf 81' lang='lat' dir='ltr'>reconciliatorem</span> <span class='ocrx_word' id='word_1_433' title='bbox 2030 504 2127 542; x_wconf 81' lang='lat' dir='ltr'>agere</span> 
     </span>
     <span class='ocr_line' id='line_1_69' title="bbox 1283 531 2127 585; baseline 0.014 -18"><span class='ocrx_word' id='word_1_434' title='bbox 1283 533 1370 567; x_wconf 85' lang='lat' dir='ltr'>inter</span> <span class='ocrx_word' id='word_1_435' title='bbox 1381 531 1464 566; x_wconf 88' lang='lat' dir='ltr'>duos</span> <span class='ocrx_word' id='word_1_436' title='bbox 1476 532 1662 580; x_wconf 80' lang='lat' dir='ltr'>litigantes,</span> <span class='ocrx_word' id='word_1_437' title='bbox 1687 548 1819 582; x_wconf 87' lang='lat' dir='ltr'>oportet</span> <span class='ocrx_word' id='word_1_438' title='bbox 1833 539 1965 585; x_wconf 85' lang='lat' dir='ltr'>utique,</span> <span class='ocrx_word' id='word_1_439' title='bbox 1990 553 2026 576; x_wconf 93' lang='lat' dir='ltr'>ut</span> <span class='ocrx_word' id='word_1_440' title='bbox 2040 546 2127 578; x_wconf 82' lang='lat' dir='ltr'>utri-</span> 
     </span>
     <span class='ocr_line' id='line_1_70' title="bbox 1282 580 2127 637; baseline 0.015 -21"><span class='ocrx_word' id='word_1_441' title='bbox 1282 581 1382 627; x_wconf 88' lang='lat' dir='ltr'>usque</span> <span class='ocrx_word' id='word_1_442' title='bbox 1390 581 1488 627; x_wconf 80' lang='lat' dir='ltr'>partis</span> <span class='ocrx_word' id='word_1_443' title='bbox 1501 580 1535 616; x_wconf 86' lang='lat' dir='ltr'>fit</span> <span class='ocrx_word' id='word_1_444' title='bbox 1546 583 1651 618; x_wconf 88' lang='lat' dir='ltr'>bonus</span> <span class='ocrx_word' id='word_1_445' title='bbox 1659 588 1793 622; x_wconf 83' lang='lat' dir='ltr'>amicus.</span> <span class='ocrx_word' id='word_1_446' title='bbox 1826 587 1887 623; x_wconf 88' lang='lat' dir='ltr'>Sed</span> <span class='ocrx_word' id='word_1_447' title='bbox 1905 590 1942 623; x_wconf 87' lang='grc' dir='ltr'>Β.</span> <span class='ocrx_word' id='word_1_448' title='bbox 1964 588 2066 637; x_wconf 86' lang='lat' dir='ltr'>Virgo</span> <span class='ocrx_word' id='word_1_449' title='bbox 2081 593 2127 629; x_wconf 83' lang='lat' dir='ltr'>est</span> 
     </span>
     <span class='ocr_line' id='line_1_71' title="bbox 1279 629 2129 685; baseline 0.013 -20"><span class='ocrx_word' id='word_1_450' title='bbox 1279 629 1455 666; x_wconf 87' lang='lat' dir='ltr'>constituta</span> <span class='ocrx_word' id='word_1_451' title='bbox 1477 633 1654 668; x_wconf 81' lang='lat' dir='ltr'>mediatrix</span> <span class='ocrx_word' id='word_1_452' title='bbox 1669 636 1754 671; x_wconf 88' lang='lat' dir='ltr'>inter</span> <span class='ocrx_word' id='word_1_453' title='bbox 1764 640 1897 679; x_wconf 86' lang='lat' dir='ltr'>Deum,</span> <span class='ocrx_word' id='word_1_454' title='bbox 1920 639 1957 674; x_wconf 88' lang='lat'>&amp;</span> <span class='ocrx_word' id='word_1_455' title='bbox 1973 648 2129 685; x_wconf 73' lang='lat' dir='ltr'>peccato-</span> 
     </span>
     <span class='ocr_line' id='line_1_72' title="bbox 1280 682 1726 727; baseline 0.011 -12"><span class='ocrx_word' id='word_1_456' title='bbox 1280 691 1362 715; x_wconf 82' lang='lat' dir='ltr'>rem.</span> <span class='ocrx_word' id='word_1_457' title='bbox 1416 682 1516 727; x_wconf 74' lang='lat' dir='ltr'>Ergo,</span> <span class='ocrx_word' id='word_1_458' title='bbox 1564 685 1656 718; x_wconf 87' lang='lat' dir='ltr'>Ratio</span> <span class='ocrx_word' id='word_1_459' title='bbox 1672 684 1726 720; x_wconf 79' lang='lat'>16.</span> 
     </span>
    </p>

    <p class='ocr_par' dir='ltr' id='par_1_29' title="bbox 1234 728 2128 963">
     <span class='ocr_line' id='line_1_73' title="bbox 1234 728 2126 782; baseline 0.011 -19"><span class='ocrx_word' id='word_1_460' title='bbox 1234 731 1290 765; x_wconf 86' lang='lat'>82.</span> <span class='ocrx_word' id='word_1_461' title='bbox 1318 730 1350 765; x_wconf 92' lang='lat' dir='ltr'>Si</span> <span class='ocrx_word' id='word_1_462' title='bbox 1362 728 1530 782; x_wconf 76' lang='lat' dir='ltr'>deiudead</span> <span class='ocrx_word' id='word_1_463' title='bbox 1549 741 1646 777; x_wconf 86' lang='lat' dir='ltr'>quem</span> <span class='ocrx_word' id='word_1_464' title='bbox 1662 732 1781 779; x_wconf 64' lang='lat' dir='ltr'>spectat</span> <span class='ocrx_word' id='word_1_465' title='bbox 1801 746 1908 776; x_wconf 86' lang='lat' dir='ltr'>onus,</span> <span class='ocrx_word' id='word_1_466' title='bbox 1933 736 1967 772; x_wconf 76' lang='grc' dir='ltr'>δι</span> <span class='ocrx_word' id='word_1_467' title='bbox 1992 737 2126 773; x_wconf 85' lang='lat' dir='ltr'>emolu-</span> 
     </span>
     <span class='ocr_line' id='line_1_74' title="bbox 1277 779 2128 828; baseline 0.008 -15"><span class='ocrx_word' id='word_1_468' title='bbox 1277 790 1429 814; x_wconf 89' lang='lat' dir='ltr'>mentum</span> <span class='ocrx_word' id='word_1_469' title='bbox 1442 780 1580 825; x_wconf 73' lang='lat' dir='ltr'>tpeftare</span> <span class='ocrx_word' id='word_1_470' title='bbox 1589 779 1684 821; x_wconf 83' lang='lat' dir='ltr'>debet</span> <span class='ocrx_word' id='word_1_471' title='bbox 1698 794 1708 818; x_wconf 92' lang='lat'>:</span> <span class='ocrx_word' id='word_1_472' title='bbox 1728 785 1785 818; x_wconf 64' lang='lat' dir='ltr'>&gt;cui</span> <span class='ocrx_word' id='word_1_473' title='bbox 1799 784 1904 828; x_wconf 77' lang='lat' dir='ltr'>majus</span> <span class='ocrx_word' id='word_1_474' title='bbox 1919 785 2128 822; x_wconf 78' lang='lat' dir='ltr'>emolumen-</span> 
     </span>
     <span class='ocr_line' id='line_1_75' title="bbox 1276 828 2126 881; baseline 0.009 -18"><span class='ocrx_word' id='word_1_475' title='bbox 1276 839 1349 863; x_wconf 86' lang='lat' dir='ltr'>turn</span> <span class='ocrx_word' id='word_1_476' title='bbox 1360 840 1403 863; x_wconf 86' lang='lat' dir='ltr'>ex</span> <span class='ocrx_word' id='word_1_477' title='bbox 1419 828 1662 875; x_wconf 83' lang='lat' dir='ltr'>Redemptione</span> <span class='ocrx_word' id='word_1_478' title='bbox 1670 834 1851 879; x_wconf 86' lang='lat' dir='ltr'>competit,</span> <span class='ocrx_word' id='word_1_479' title='bbox 1878 832 1978 881; x_wconf 70' lang='lat' dir='ltr'>quam</span> <span class='ocrx_word' id='word_1_480' title='bbox 1990 837 2126 877; x_wconf 80' lang='lat' dir='ltr'>Mariae,</span> 
     </span>
     <span class='ocr_line' id='line_1_76' title="bbox 1275 875 2126 923; baseline 0.013 -12"><span class='ocrx_word' id='word_1_481' title='bbox 1275 888 1350 923; x_wconf 84' lang='lat' dir='ltr'>quae</span> <span class='ocrx_word' id='word_1_482' title='bbox 1364 875 1536 912; x_wconf 90' lang='lat' dir='ltr'>subCruce</span> <span class='ocrx_word' id='word_1_483' title='bbox 1555 877 1662 920; x_wconf 84' lang='lat' dir='ltr'>stans,</span> <span class='ocrx_word' id='word_1_484' title='bbox 1687 880 1876 919; x_wconf 87' lang='lat' dir='ltr'>maximum</span> <span class='ocrx_word' id='word_1_485' title='bbox 1903 883 2024 919; x_wconf 87' lang='lat' dir='ltr'>exinde</span> <span class='ocrx_word' id='word_1_486' title='bbox 2041 897 2126 922; x_wconf 82' lang='lat' dir='ltr'>onus</span> 
     </span>
     <span class='ocr_line' id='line_1_77' title="bbox 1274 925 2054 963; baseline 0.006 -3"><span class='ocrx_word' id='word_1_487' title='bbox 1274 925 1375 960; x_wconf 66' lang='lat' dir='ltr'>tulit?</span> <span class='ocrx_word' id='word_1_488' title='bbox 1417 929 1507 961; x_wconf 83' lang='lat' dir='ltr'>Ratio</span> <span class='ocrx_word' id='word_1_489' title='bbox 1527 931 1581 963; x_wconf 84' lang='lat'>86.</span> <span class='ocrx_word' id='word_1_490' title='bbox 2052 949 2054 951; x_wconf 59' lang='lat'>&gt;</span> 
     </span>
    </p>

    <p class='ocr_par' dir='ltr' id='par_1_30' title="bbox 1228 976 2127 1166">
     <span class='ocr_line' id='line_1_78' title="bbox 1228 976 2125 1020; baseline 0.013 -14"><span class='ocrx_word' id='word_1_491' title='bbox 1228 979 1284 1016; x_wconf 81' lang='lat'>33.</span> <span class='ocrx_word' id='word_1_492' title='bbox 1311 976 1454 1010; x_wconf 86' lang='lat' dir='ltr'>Econtra</span> <span class='ocrx_word' id='word_1_493' title='bbox 1463 976 1575 1011; x_wconf 87' lang='lat' dir='ltr'>nullus</span> <span class='ocrx_word' id='word_1_494' title='bbox 1593 976 1690 1011; x_wconf 85' lang='lat' dir='ltr'>debet</span> <span class='ocrx_word' id='word_1_495' title='bbox 1707 990 1749 1012; x_wconf 87' lang='lat' dir='ltr'>ex</span> <span class='ocrx_word' id='word_1_496' title='bbox 1763 978 1844 1015; x_wconf 89' lang='lat' dir='ltr'>dolo</span> <span class='ocrx_word' id='word_1_497' title='bbox 1859 978 1938 1020; x_wconf 89' lang='lat' dir='ltr'>suo,</span> <span class='ocrx_word' id='word_1_498' title='bbox 1964 982 2014 1017; x_wconf 89' lang='lat' dir='ltr'>cui</span> <span class='ocrx_word' id='word_1_499' title='bbox 2028 981 2125 1018; x_wconf 78' lang='lat' dir='ltr'>debe·-</span> 
     </span>
     <span class='ocr_line' id='line_1_79' title="bbox 1272 1025 2127 1077; baseline 0.006 -18"><span class='ocrx_word' id='word_1_500' title='bbox 1272 1035 1324 1059; x_wconf 91' lang='lat' dir='ltr'>tur</span> <span class='ocrx_word' id='word_1_501' title='bbox 1334 1035 1428 1070; x_wconf 84' lang='lat' dir='ltr'>poena</span> <span class='ocrx_word' id='word_1_502' title='bbox 1442 1046 1451 1064; x_wconf 88' lang='lat'>‚</span> <span class='ocrx_word' id='word_1_503' title='bbox 1481 1025 1609 1061; x_wconf 88' lang='lat' dir='ltr'>lucrum</span> <span class='ocrx_word' id='word_1_504' title='bbox 1630 1030 1795 1073; x_wconf 65' lang='lat' dir='ltr'>repostare</span> <span class='ocrx_word' id='word_1_505' title='bbox 1818 1051 1828 1068; x_wconf 87' lang='lat'><strong>,</strong></span> <span class='ocrx_word' id='word_1_506' title='bbox 1853 1029 1961 1077; x_wconf 81' lang='lat' dir='ltr'>qualis</span> <span class='ocrx_word' id='word_1_507' title='bbox 1983 1031 2046 1067; x_wconf 83' lang='lat' dir='ltr'>fuit</span> <span class='ocrx_word' id='word_1_508' title='bbox 2056 1032 2127 1067; x_wconf 76' lang='lat' dir='ltr'>dia.</span> 
     </span>
     <span class='ocr_line' id='line_1_80' title="bbox 1272 1072 2126 1117; baseline 0.012 -10"><span class='ocrx_word' id='word_1_509' title='bbox 1272 1072 1369 1108; x_wconf 81' lang='lat' dir='ltr'>bolus</span> <span class='ocrx_word' id='word_1_510' title='bbox 1386 1095 1398 1114; x_wconf 91' lang='lat'>,</span> <span class='ocrx_word' id='word_1_511' title='bbox 1423 1073 1539 1110; x_wconf 80' lang='lat' dir='ltr'>dolose</span> <span class='ocrx_word' id='word_1_512' title='bbox 1553 1074 1726 1113; x_wconf 85' lang='lat' dir='ltr'>homiuem</span> <span class='ocrx_word' id='word_1_513' title='bbox 1736 1080 2009 1116; x_wconf 82' lang='lat' dir='ltr'>circumveniens.</span> <span class='ocrx_word' id='word_1_514' title='bbox 2058 1085 2126 1117; x_wconf 84' lang='lat' dir='ltr'>Ra-</span> 
     </span>
     <span class='ocr_line' id='line_1_81' title="bbox 1271 1124 2048 1166; baseline -0.001 -9"><span class='ocrx_word' id='word_1_515' title='bbox 1271 1124 1316 1158; x_wconf 86' lang='lat' dir='ltr'>tio</span> <span class='ocrx_word' id='word_1_516' title='bbox 1333 1135 1389 1166; x_wconf 83' lang='lat'>49.</span> <span class='ocrx_word' id='word_1_517' title='bbox 2044 1153 2048 1156; x_wconf 91' lang='lat'>.</span> 
     </span>
    </p>

    <p class='ocr_par' dir='ltr' id='par_1_31' title="bbox 1228 1170 2126 1368">
     <span class='ocr_line' id='line_1_82' title="bbox 1228 1170 2126 1224; baseline 0.01 -18"><span class='ocrx_word' id='word_1_518' title='bbox 1228 1175 1285 1218; x_wconf 88' lang='lat'>84.</span> <span class='ocrx_word' id='word_1_519' title='bbox 1310 1170 1476 1207; x_wconf 75' lang='lat' dir='ltr'>Caeterirm</span> <span class='ocrx_word' id='word_1_520' title='bbox 1487 1175 1618 1208; x_wconf 84' lang='lat' dir='ltr'>Beatius</span> <span class='ocrx_word' id='word_1_521' title='bbox 1629 1173 1673 1209; x_wconf 88' lang='lat' dir='ltr'>est</span> <span class='ocrx_word' id='word_1_522' title='bbox 1684 1175 1787 1221; x_wconf 82' lang='lat' dir='ltr'>magis</span> <span class='ocrx_word' id='word_1_523' title='bbox 1796 1174 1871 1211; x_wconf 89' lang='lat' dir='ltr'>dare</span> <span class='ocrx_word' id='word_1_524' title='bbox 1882 1198 1893 1217; x_wconf 83' lang='lat'><strong>,</strong></span> <span class='ocrx_word' id='word_1_525' title='bbox 1918 1176 2017 1224; x_wconf 70' lang='lat' dir='ltr'>quam</span> <span class='ocrx_word' id='word_1_526' title='bbox 2035 1179 2126 1214; x_wconf 86' lang='lat' dir='ltr'>acci-</span> 
     </span>
     <span class='ocr_line' id='line_1_83' title="bbox 1273 1220 2125 1276; baseline 0.011 -21"><span class='ocrx_word' id='word_1_527' title='bbox 1273 1233 1359 1268; x_wconf 88' lang='lat' dir='ltr'>pere.</span> <span class='ocrx_word' id='word_1_528' title='bbox 1410 1220 1501 1256; x_wconf 83' lang='lat' dir='ltr'>Sedfi</span> <span class='ocrx_word' id='word_1_529' title='bbox 1513 1225 1619 1258; x_wconf 85' lang='lat' dir='ltr'>Maria</span> <span class='ocrx_word' id='word_1_530' title='bbox 1632 1223 1736 1259; x_wconf 76' lang='lat' dir='ltr'>fuiss&#39;et</span> <span class='ocrx_word' id='word_1_531' title='bbox 1755 1223 1789 1258; x_wconf 88' lang='lat' dir='ltr'>in</span> <span class='ocrx_word' id='word_1_532' title='bbox 1803 1226 1929 1261; x_wconf 67' lang='lat' dir='ltr'>macula</span> <span class='ocrx_word' id='word_1_533' title='bbox 1945 1240 2125 1276; x_wconf 55' lang='lat' dir='ltr'>concepta,</span> 
     </span>
     <span class='ocr_line' id='line_1_84' title="bbox 1273 1269 2125 1323; baseline 0.006 -18"><span class='ocrx_word' id='word_1_534' title='bbox 1273 1270 1348 1318; x_wconf 89' lang='lat' dir='ltr'>plus</span> <span class='ocrx_word' id='word_1_535' title='bbox 1360 1269 1493 1306; x_wconf 74' lang='lat' dir='ltr'>dedisset</span> <span class='ocrx_word' id='word_1_536' title='bbox 1503 1273 1607 1312; x_wconf 84' lang='lat' dir='ltr'>Filio,</span> <span class='ocrx_word' id='word_1_537' title='bbox 1634 1273 1734 1320; x_wconf 70' lang='lat' dir='ltr'>quarn</span> <span class='ocrx_word' id='word_1_538' title='bbox 1748 1273 1841 1308; x_wconf 71' lang='lat' dir='ltr'>abeo</span> <span class='ocrx_word' id='word_1_539' title='bbox 1855 1276 2035 1323; x_wconf 80' lang='lat' dir='ltr'>accepisset.</span> <span class='ocrx_word' id='word_1_540' title='bbox 2061 1279 2125 1313; x_wconf 80' lang='lat' dir='ltr'>Et.</span> 
     </span>
     <span class='ocr_line' id='line_1_85' title="bbox 1271 1323 2049 1368; baseline 0.008 -13"><span class='ocrx_word' id='word_1_541' title='bbox 1271 1331 1315 1368; x_wconf 89' lang='lat' dir='ltr'>go</span> <span class='ocrx_word' id='word_1_542' title='bbox 1326 1323 1389 1357; x_wconf 63' lang='lat' dir='ltr'>&amp;a</span> <span class='ocrx_word' id='word_1_543' title='bbox 1442 1323 1531 1357; x_wconf 75' lang='lat' dir='ltr'>Ratio</span> <span class='ocrx_word' id='word_1_544' title='bbox 1557 1329 1615 1366; x_wconf 86' lang='lat'>89.</span> <span class='ocrx_word' id='word_1_545' title='bbox 2045 1362 2049 1366; x_wconf 62' lang='grc'>,</span> 
     </span>
    </p>

    <p class='ocr_par' dir='ltr' id='par_1_32' title="bbox 1224 1371 2127 1664">
     <span class='ocr_line' id='line_1_86' title="bbox 1224 1371 2125 1419; baseline 0.007 -16"><span class='ocrx_word' id='word_1_546' title='bbox 1224 1375 1279 1415; x_wconf 83' lang='lat'>85.</span> <span class='ocrx_word' id='word_1_547' title='bbox 1307 1372 1380 1404; x_wconf 88' lang='lat' dir='ltr'>Nec</span> <span class='ocrx_word' id='word_1_548' title='bbox 1392 1383 1501 1405; x_wconf 84' lang='lat' dir='ltr'>tamen</span> <span class='ocrx_word' id='word_1_549' title='bbox 1525 1372 1699 1417; x_wconf 86' lang='lat' dir='ltr'>proemium</span> <span class='ocrx_word' id='word_1_550' title='bbox 1723 1372 1868 1419; x_wconf 88' lang='lat' dir='ltr'>primum</span> <span class='ocrx_word' id='word_1_551' title='bbox 1888 1371 1983 1408; x_wconf 82' lang='lat' dir='ltr'>alteri</span> <span class='ocrx_word' id='word_1_552' title='bbox 2000 1372 2125 1416; x_wconf 76' lang='lat' dir='ltr'>dejure</span> 
     </span>
     <span class='ocr_line' id='line_1_87' title="bbox 1269 1420 2123 1469; baseline 0.006 -16"><span class='ocrx_word' id='word_1_553' title='bbox 1269 1422 1450 1466; x_wconf 87' lang='lat' dir='ltr'>competit,</span> <span class='ocrx_word' id='word_1_554' title='bbox 1477 1422 1576 1467; x_wconf 72' lang='lat' dir='ltr'>quam</span> <span class='ocrx_word' id='word_1_555' title='bbox 1595 1422 1687 1465; x_wconf 72' lang='lat' dir='ltr'>cuju·</span> <span class='ocrx_word' id='word_1_556' title='bbox 1707 1420 1920 1467; x_wconf 79' lang='lat' dir='ltr'>compositio,</span> <span class='ocrx_word' id='word_1_557' title='bbox 1947 1434 2014 1469; x_wconf 78' lang='lat' dir='ltr'>prae</span> <span class='ocrx_word' id='word_1_558' title='bbox 2042 1423 2123 1458; x_wconf 83' lang='lat' dir='ltr'>reli-</span> 
     </span>
     <span class='ocr_line' id='line_1_88' title="bbox 1269 1470 2126 1520; baseline 0.006 -18"><span class='ocrx_word' id='word_1_559' title='bbox 1269 1470 1359 1516; x_wconf 89' lang='lat' dir='ltr'>quis,</span> <span class='ocrx_word' id='word_1_560' title='bbox 1379 1471 1481 1505; x_wconf 85' lang='lat' dir='ltr'>caruit</span> <span class='ocrx_word' id='word_1_561' title='bbox 1497 1470 1590 1504; x_wconf 84' lang='lat' dir='ltr'>omni</span> <span class='ocrx_word' id='word_1_562' title='bbox 1603 1482 1722 1506; x_wconf 82' lang='lat' dir='ltr'>errore.</span> <span class='ocrx_word' id='word_1_563' title='bbox 1783 1473 1871 1519; x_wconf 87' lang='lat' dir='ltr'>Ergo</span> <span class='ocrx_word' id='word_1_564' title='bbox 1892 1483 1952 1506; x_wconf 89' lang='lat' dir='ltr'>nec</span> <span class='ocrx_word' id='word_1_565' title='bbox 1969 1474 2004 1507; x_wconf 89' lang='lat' dir='ltr'>B.</span> <span class='ocrx_word' id='word_1_566' title='bbox 2019 1475 2126 1520; x_wconf 75' lang='lat' dir='ltr'>Virgo</span> 
     </span>
     <span class='ocr_line' id='line_1_89' title="bbox 1267 1518 2127 1569; baseline 0.005 -16"><span class='ocrx_word' id='word_1_567' title='bbox 1267 1518 1436 1565; x_wconf 77' lang='lat' dir='ltr'>accepisset</span> <span class='ocrx_word' id='word_1_568' title='bbox 1470 1522 1648 1566; x_wconf 85' lang='lat' dir='ltr'>proemium</span> <span class='ocrx_word' id='word_1_569' title='bbox 1677 1522 1822 1568; x_wconf 86' lang='lat' dir='ltr'>primum</span> <span class='ocrx_word' id='word_1_570' title='bbox 1843 1543 1854 1561; x_wconf 89' lang='lat'><strong>,</strong></span> <span class='ocrx_word' id='word_1_571' title='bbox 1889 1532 1927 1555; x_wconf 84' lang='lat' dir='ltr'>ac</span> <span class='ocrx_word' id='word_1_572' title='bbox 1958 1525 2127 1569; x_wconf 78' lang='lat' dir='ltr'>praecipu-</span> 
     </span>
     <span class='ocr_line' id='line_1_90' title="bbox 1263 1568 2123 1611; baseline 0.005 -9"><span class='ocrx_word' id='word_1_573' title='bbox 1263 1579 1342 1608; x_wconf 90' lang='lat' dir='ltr'>um,</span> <span class='ocrx_word' id='word_1_574' title='bbox 1382 1568 1626 1611; x_wconf 76' lang='lat' dir='ltr'>Mater-nitatis,</span> <span class='ocrx_word' id='word_1_575' title='bbox 1662 1568 1720 1605; x_wconf 85' lang='lat' dir='ltr'>uifi</span> <span class='ocrx_word' id='word_1_576' title='bbox 1735 1568 1882 1606; x_wconf 76' lang='lat' dir='ltr'>caruisset</span> <span class='ocrx_word' id='word_1_577' title='bbox 1914 1570 2009 1605; x_wconf 81' lang='lat' dir='ltr'>omui</span> <span class='ocrx_word' id='word_1_578' title='bbox 2037 1571 2123 1606; x_wconf 72' lang='lat' dir='ltr'>labe.</span> 
     </span>
     <span class='ocr_line' id='line_1_91' title="bbox 1262 1619 1434 1664; baseline 0 -13"><span class='ocrx_word' id='word_1_579' title='bbox 1262 1619 1353 1651; x_wconf 85' lang='lat' dir='ltr'>Ratio</span> <span class='ocrx_word' id='word_1_580' title='bbox 1373 1628 1434 1664; x_wconf 87' lang='lat'>47.</span> 
     </span>
    </p>

    <p class='ocr_par' dir='ltr' id='par_1_33' title="bbox 1218 1664 2126 1900">
     <span class='ocr_line' id='line_1_92' title="bbox 1218 1664 2126 1714; baseline 0.002 -13"><span class='ocrx_word' id='word_1_581' title='bbox 1218 1669 1276 1706; x_wconf 85' lang='lat'>86.</span> <span class='ocrx_word' id='word_1_582' title='bbox 1303 1666 1403 1710; x_wconf 84' lang='lat' dir='ltr'>Qod</span> <span class='ocrx_word' id='word_1_583' title='bbox 1421 1665 1441 1700; x_wconf 81' lang='lat' dir='ltr'>fi</span> <span class='ocrx_word' id='word_1_584' title='bbox 1459 1664 1582 1713; x_wconf 86' lang='lat' dir='ltr'>spurius</span> <span class='ocrx_word' id='word_1_585' title='bbox 1593 1666 1798 1714; x_wconf 79' lang='lat' dir='ltr'>legitimatus</span> <span class='ocrx_word' id='word_1_586' title='bbox 1808 1665 1965 1703; x_wconf 83' lang='lat' dir='ltr'>fimilisin</span> <span class='ocrx_word' id='word_1_587' title='bbox 1976 1669 2054 1714; x_wconf 89' lang='lat' dir='ltr'>Jure</span> <span class='ocrx_word' id='word_1_588' title='bbox 2068 1668 2126 1703; x_wconf 82' lang='lat' dir='ltr'>di·</span> 
     </span>
     <span class='ocr_line' id='line_1_93' title="bbox 1265 1716 2120 1764; baseline 0.005 -15"><span class='ocrx_word' id='word_1_589' title='bbox 1265 1716 1348 1749; x_wconf 88' lang='lat' dir='ltr'>citur</span> <span class='ocrx_word' id='word_1_590' title='bbox 1364 1727 1477 1762; x_wconf 84' lang='lat' dir='ltr'>aegro,</span> <span class='ocrx_word' id='word_1_591' title='bbox 1508 1727 1621 1751; x_wconf 89' lang='lat' dir='ltr'>curato</span> <span class='ocrx_word' id='word_1_592' title='bbox 1650 1716 1668 1751; x_wconf 73' lang='lat' dir='ltr'>a</span> <span class='ocrx_word' id='word_1_593' title='bbox 1690 1716 1826 1752; x_wconf 85' lang='lat' dir='ltr'>vulnere</span> <span class='ocrx_word' id='word_1_594' title='bbox 1846 1740 1857 1757; x_wconf 90' lang='lat'>‚</span> <span class='ocrx_word' id='word_1_595' title='bbox 1882 1718 1976 1762; x_wconf 71' lang='lat' dir='ltr'>cujus</span> <span class='ocrx_word' id='word_1_596' title='bbox 1994 1716 2120 1764; x_wconf 70' lang='lat' dir='ltr'>t&#39;eniper</span> 
     </span>
     <span class='ocr_line' id='line_1_94' title="bbox 1265 1763 2120 1810; baseline 0.005 -12"><span class='ocrx_word' id='word_1_597' title='bbox 1265 1763 1377 1810; x_wconf 79' lang='lat' dir='ltr'>aliqua</span> <span class='ocrx_word' id='word_1_598' title='bbox 1404 1774 1517 1800; x_wconf 84' lang='lat' dir='ltr'>manet</span> <span class='ocrx_word' id='word_1_599' title='bbox 1528 1766 1665 1801; x_wconf 85' lang='lat' dir='ltr'>cicatrix</span> <span class='ocrx_word' id='word_1_600' title='bbox 1679 1789 1689 1807; x_wconf 83' lang='lat'>‚</span> <span class='ocrx_word' id='word_1_601' title='bbox 1715 1765 1801 1801; x_wconf 70' lang='lat' dir='ltr'>certe</span> <span class='ocrx_word' id='word_1_602' title='bbox 1817 1768 1918 1802; x_wconf 86' lang='lat' dir='ltr'>etiam</span> <span class='ocrx_word' id='word_1_603' title='bbox 1936 1778 2120 1803; x_wconf 80' lang='lat' dir='ltr'>remaneret</span> 
     </span>
     <span class='ocr_line' id='line_1_95' title="bbox 1268 1813 2123 1864; baseline 0.007 -16"><span class='ocrx_word' id='word_1_604' title='bbox 1268 1815 1386 1849; x_wconf 84' lang='lat' dir='ltr'>Mariae</span> <span class='ocrx_word' id='word_1_605' title='bbox 1397 1813 1557 1851; x_wconf 85' lang='lat' dir='ltr'>cicatrix:</span> <span class='ocrx_word' id='word_1_606' title='bbox 1584 1813 1677 1851; x_wconf 76' lang='lat' dir='ltr'>fuisse</span> <span class='ocrx_word' id='word_1_607' title='bbox 1692 1815 1874 1863; x_wconf 82' lang='lat' dir='ltr'>aliquando</span> <span class='ocrx_word' id='word_1_608' title='bbox 1890 1819 2123 1864; x_wconf 79' lang='lat' dir='ltr'>peccatricem-</span> 
     </span>
     <span class='ocr_line' id='line_1_96' title="bbox 1268 1865 1435 1900; baseline 0.018 -3"><span class='ocrx_word' id='word_1_609' title='bbox 1268 1865 1357 1898; x_wconf 88' lang='lat' dir='ltr'>Ratio</span> <span class='ocrx_word' id='word_1_610' title='bbox 1376 1867 1435 1900; x_wconf 82' lang='lat'>66.</span> 
     </span>
    </p>

    <p class='ocr_par' dir='ltr' id='par_1_34' title="bbox 1218 1911 2124 2154">
     <span class='ocr_line' id='line_1_97' title="bbox 1218 1911 2117 1960; baseline 0 -11"><span class='ocrx_word' id='word_1_611' title='bbox 1218 1915 1272 1960; x_wconf 83' lang='lat'>87.</span> <span class='ocrx_word' id='word_1_612' title='bbox 1299 1911 1605 1960; x_wconf 84' lang='lat' dir='ltr'>Concluduntergo</span> <span class='ocrx_word' id='word_1_613' title='bbox 1616 1913 1714 1958; x_wconf 80' lang='lat' dir='ltr'>Jura‚</span> <span class='ocrx_word' id='word_1_614' title='bbox 1739 1916 1923 1949; x_wconf 69' lang='lat' dir='ltr'>astorenon</span> <span class='ocrx_word' id='word_1_615' title='bbox 1941 1913 2117 1960; x_wconf 82' lang='lat' dir='ltr'>probante,</span> 
     </span>
     <span class='ocr_line' id='line_1_98' title="bbox 1263 1961 2117 2005; baseline 0.002 -8"><span class='ocrx_word' id='word_1_616' title='bbox 1263 1974 1357 1997; x_wconf 87' lang='lat' dir='ltr'>reum</span> <span class='ocrx_word' id='word_1_617' title='bbox 1388 1961 1516 1998; x_wconf 86' lang='lat' dir='ltr'>absolvi</span> <span class='ocrx_word' id='word_1_618' title='bbox 1534 1975 1547 2005; x_wconf 79' lang='lat'>3</span> <span class='ocrx_word' id='word_1_619' title='bbox 1584 1962 1765 1998; x_wconf 87' lang='lat' dir='ltr'>affirmanti</span> <span class='ocrx_word' id='word_1_620' title='bbox 1802 1964 1892 1998; x_wconf 85' lang='lat' dir='ltr'>enim</span> <span class='ocrx_word' id='word_1_621' title='bbox 1925 1963 2117 2000; x_wconf 82' lang='lat' dir='ltr'>incumbere</span> 
     </span>
     <span class='ocr_line' id='line_1_99' title="bbox 1259 2011 2124 2060; baseline 0.002 -14"><span class='ocrx_word' id='word_1_622' title='bbox 1259 2011 1505 2059; x_wconf 81' lang='lat' dir='ltr'>probationem,</span> <span class='ocrx_word' id='word_1_623' title='bbox 1520 2022 1589 2046; x_wconf 87' lang='lat' dir='ltr'>non</span> <span class='ocrx_word' id='word_1_624' title='bbox 1598 2011 1732 2059; x_wconf 85' lang='lat' dir='ltr'>neganti</span> <span class='ocrx_word' id='word_1_625' title='bbox 1748 2023 1757 2044; x_wconf 71' lang='grc' dir='ltr'><strong><em>ε</em></strong></span> <span class='ocrx_word' id='word_1_626' title='bbox 1770 2011 1919 2060; x_wconf 74' lang='lat' dir='ltr'>adeoque</span> <span class='ocrx_word' id='word_1_627' title='bbox 1929 2025 2041 2048; x_wconf 85' lang='lat' dir='ltr'>manet</span> <span class='ocrx_word' id='word_1_628' title='bbox 2050 2015 2059 2047; x_wconf 90' lang='lat' dir='ltr'>i</span> <span class='ocrx_word' id='word_1_629' title='bbox 2065 2027 2124 2049; x_wconf 73' lang='lat' dir='ltr'>m-</span> 
     </span>
     <span class='ocr_line' id='line_1_100' title="bbox 1262 2060 2118 2110; baseline 0 -14"><span class='ocrx_word' id='word_1_630' title='bbox 1262 2061 1430 2098; x_wconf 73' lang='lat' dir='ltr'>maculata</span> <span class='ocrx_word' id='word_1_631' title='bbox 1449 2062 1643 2108; x_wconf 72' lang='lat' dir='ltr'>conceptio·</span> <span class='ocrx_word' id='word_1_632' title='bbox 1661 2061 1700 2098; x_wconf 85' lang='lat' dir='ltr'>in</span> <span class='ocrx_word' id='word_1_633' title='bbox 1726 2060 1781 2099; x_wconf 64' lang='lat' dir='ltr'>sua</span> <span class='ocrx_word' id='word_1_634' title='bbox 1802 2061 2005 2110; x_wconf 85' lang='lat' dir='ltr'>poffeffione.</span> <span class='ocrx_word' id='word_1_635' title='bbox 2056 2068 2118 2099; x_wconf 81' lang='lat' dir='ltr'>Ra.</span> 
     </span>
     <span class='ocr_line' id='line_1_101' title="bbox 1261 2112 1386 2154; baseline 0.016 -9"><span class='ocrx_word' id='word_1_636' title='bbox 1261 2112 1307 2147; x_wconf 87' lang='lat' dir='ltr'>tio</span> <span class='ocrx_word' id='word_1_637' title='bbox 1323 2123 1346 2154; x_wconf 89' lang='lat'><em>9</em></span> <span class='ocrx_word' id='word_1_638' title='bbox 1350 2120 1386 2154; x_wconf 69' lang='lat'>3¹·</span> 
     </span>
    </p>

    <p class='ocr_par' dir='ltr' id='par_1_35' title="bbox 1216 2157 2119 2553">
     <span class='ocr_line' id='line_1_102' title="bbox 1216 2157 2119 2207; baseline -0.003 -8"><span class='ocrx_word' id='word_1_639' title='bbox 1216 2161 1274 2199; x_wconf 78' lang='lat'>88.</span> <span class='ocrx_word' id='word_1_640' title='bbox 1300 2157 1500 2207; x_wconf 79' lang='lat' dir='ltr'>suffragatur</span> <span class='ocrx_word' id='word_1_641' title='bbox 1518 2157 1620 2195; x_wconf 87' lang='lat' dir='ltr'>etiam</span> <span class='ocrx_word' id='word_1_642' title='bbox 1645 2157 1723 2195; x_wconf 87' lang='lat' dir='ltr'>huic</span> <span class='ocrx_word' id='word_1_643' title='bbox 1746 2158 1905 2196; x_wconf 68' lang='lat' dir='ltr'>dot&#39;t‘rinae</span> <span class='ocrx_word' id='word_1_644' title='bbox 1923 2159 2090 2196; x_wconf 82' lang='lat' dir='ltr'>Medicina</span> <span class='ocrx_word' id='word_1_645' title='bbox 2103 2183 2119 2203; x_wconf 63' lang='lat'><em>5</em></span> 
     </span>
     <span class='ocr_line' id='line_1_103' title="bbox 1260 2208 2118 2256; baseline -0.001 -10"><span class='ocrx_word' id='word_1_646' title='bbox 1260 2209 1340 2246; x_wconf 88' lang='lat' dir='ltr'>dum</span> <span class='ocrx_word' id='word_1_647' title='bbox 1355 2211 1421 2251; x_wconf 87' lang='lat' dir='ltr'>ait,</span> <span class='ocrx_word' id='word_1_648' title='bbox 1456 2220 1492 2245; x_wconf 91' lang='lat' dir='ltr'>ut</span> <span class='ocrx_word' id='word_1_649' title='bbox 1509 2208 1683 2256; x_wconf 85' lang='lat' dir='ltr'>pristinum</span> <span class='ocrx_word' id='word_1_650' title='bbox 1711 2219 2012 2256; x_wconf 85' lang='lat' dir='ltr'>temperamentum</span> <span class='ocrx_word' id='word_1_651' title='bbox 2039 2222 2118 2245; x_wconf 75' lang='lat' dir='ltr'>cor-</span> 
     </span>
     <span class='ocr_line' id='line_1_104' title="bbox 1259 2257 2116 2308; baseline -0.002 -13"><span class='ocrx_word' id='word_1_652' title='bbox 1259 2261 1350 2308; x_wconf 88' lang='lat' dir='ltr'>poris</span> <span class='ocrx_word' id='word_1_653' title='bbox 1385 2270 1559 2300; x_wconf 79' lang='lat' dir='ltr'>evocemr,</span> <span class='ocrx_word' id='word_1_654' title='bbox 1585 2261 1621 2297; x_wconf 90' lang='lat'>&amp;</span> <span class='ocrx_word' id='word_1_655' title='bbox 1651 2257 1834 2297; x_wconf 84' lang='lat' dir='ltr'>restituatur</span> <span class='ocrx_word' id='word_1_656' title='bbox 1843 2279 1856 2299; x_wconf 95' lang='lat'>‚-</span> <span class='ocrx_word' id='word_1_657' title='bbox 1880 2258 2116 2305; x_wconf 79' lang='lat' dir='ltr'>applicandam</span> 
     </span>
     <span class='ocr_line' id='line_1_105' title="bbox 1261 2305 2115 2356; baseline -0.002 -10"><span class='ocrx_word' id='word_1_658' title='bbox 1261 2308 1323 2346; x_wconf 73' lang='lat' dir='ltr'>effe</span> <span class='ocrx_word' id='word_1_659' title='bbox 1348 2309 1548 2345; x_wconf 87' lang='lat' dir='ltr'>medicinam</span> <span class='ocrx_word' id='word_1_660' title='bbox 1563 2330 1575 2351; x_wconf 82' lang='lat'><em>‚</em></span> <span class='ocrx_word' id='word_1_661' title='bbox 1599 2319 1675 2356; x_wconf 86' lang='lat' dir='ltr'>quae</span> <span class='ocrx_word' id='word_1_662' title='bbox 1699 2307 1749 2342; x_wconf 87' lang='lat' dir='ltr'>illi</span> <span class='ocrx_word' id='word_1_663' title='bbox 1768 2306 1909 2343; x_wconf 77' lang='lat' dir='ltr'>omnino</span> <span class='ocrx_word' id='word_1_664' title='bbox 1928 2305 2042 2343; x_wconf 86' lang='lat' dir='ltr'>fimilis</span> <span class='ocrx_word' id='word_1_665' title='bbox 2062 2307 2115 2344; x_wconf 58' lang='lat' dir='ltr'>fit:</span> 
     </span>
     <span class='ocr_line' id='line_1_106' title="bbox 1257 2356 2115 2408; baseline -0.003 -13"><span class='ocrx_word' id='word_1_666' title='bbox 1257 2360 1349 2408; x_wconf 84' lang='lat' dir='ltr'>Ergo</span> <span class='ocrx_word' id='word_1_667' title='bbox 1370 2362 1407 2395; x_wconf 89' lang='lat' dir='ltr'>B.</span> <span class='ocrx_word' id='word_1_668' title='bbox 1426 2359 1549 2405; x_wconf 84' lang='lat' dir='ltr'>Virgo.</span> <span class='ocrx_word' id='word_1_669' title='bbox 1573 2368 1649 2405; x_wconf 82' lang='lat' dir='ltr'>quae</span> <span class='ocrx_word' id='word_1_670' title='bbox 1668 2356 1733 2393; x_wconf 73' lang='lat' dir='ltr'>una</span> <span class='ocrx_word' id='word_1_671' title='bbox 1756 2369 1835 2392; x_wconf 90' lang='lat' dir='ltr'>cum</span> <span class='ocrx_word' id='word_1_672' title='bbox 1856 2357 2007 2398; x_wconf 83' lang='lat' dir='ltr'>Christo,</span> <span class='ocrx_word' id='word_1_673' title='bbox 2034 2369 2115 2394; x_wconf 88' lang='lat' dir='ltr'>tan-</span> 
     </span>
     <span class='ocr_line' id='line_1_107' title="bbox 1257 2407 2115 2457; baseline -0.005 -12"><span class='ocrx_word' id='word_1_674' title='bbox 1257 2421 1360 2457; x_wconf 85' lang='lat' dir='ltr'>quam</span> <span class='ocrx_word' id='word_1_675' title='bbox 1384 2407 1547 2444; x_wconf 88' lang='lat' dir='ltr'>medicina</span> <span class='ocrx_word' id='word_1_676' title='bbox 1568 2407 1668 2454; x_wconf 90' lang='lat' dir='ltr'>primi</span> <span class='ocrx_word' id='word_1_677' title='bbox 1689 2408 1966 2454; x_wconf 80' lang='lat' dir='ltr'>temperamenti,</span> <span class='ocrx_word' id='word_1_678' title='bbox 1991 2417 2115 2454; x_wconf 56' lang='lat' dir='ltr'>nempe*</span> 
     </span>
     <span class='ocr_line' id='line_1_108' title="bbox 1261 2454 2114 2507; baseline -0.004 -12"><span class='ocrx_word' id='word_1_679' title='bbox 1261 2456 1387 2507; x_wconf 81' lang='lat' dir='ltr'>gratiae,</span> <span class='ocrx_word' id='word_1_680' title='bbox 1398 2455 1661 2498; x_wconf 80' lang='lat' dir='ltr'>etatconstituta,</span> <span class='ocrx_word' id='word_1_681' title='bbox 1683 2455 1822 2493; x_wconf 87' lang='lat' dir='ltr'>debebat</span> <span class='ocrx_word' id='word_1_682' title='bbox 1840 2455 1902 2491; x_wconf 84' lang='lat' dir='ltr'>effe</span> <span class='ocrx_word' id='word_1_683' title='bbox 1911 2454 2024 2491; x_wconf 81' lang='lat' dir='ltr'>similis</span> <span class='ocrx_word' id='word_1_684' title='bbox 2039 2458 2114 2503; x_wconf 66' lang='lat' dir='ltr'>pri-2</span> 
     </span>
     <span class='ocr_line' id='line_1_109' title="bbox 1264 2507 1992 2553; baseline -0.004 -9"><span class='ocrx_word' id='word_1_685' title='bbox 1264 2520 1324 2545; x_wconf 90' lang='lat' dir='ltr'>mo</span> <span class='ocrx_word' id='word_1_686' title='bbox 1334 2507 1483 2548; x_wconf 89' lang='lat' dir='ltr'>homini,</span> <span class='ocrx_word' id='word_1_687' title='bbox 1509 2517 1588 2542; x_wconf 88' lang='lat' dir='ltr'>ante</span> <span class='ocrx_word' id='word_1_688' title='bbox 1601 2516 1783 2553; x_wconf 87' lang='lat' dir='ltr'>peccatum.</span> <span class='ocrx_word' id='word_1_689' title='bbox 1832 2507 1922 2541; x_wconf 86' lang='lat' dir='ltr'>Ratio</span> <span class='ocrx_word' id='word_1_690' title='bbox 1933 2509 1992 2547; x_wconf 87' lang='lat'>76.</span> 
     </span>
    </p>

    <p class='ocr_par' dir='ltr' id='par_1_36' title="bbox 1212 2552 2112 2747">
     <span class='ocr_line' id='line_1_110' title="bbox 1212 2552 2112 2605; baseline -0.003 -12"><span class='ocrx_word' id='word_1_691' title='bbox 1212 2562 1269 2605; x_wconf 88' lang='lat'>89.</span> <span class='ocrx_word' id='word_1_692' title='bbox 1298 2558 1429 2600; x_wconf 87' lang='lat' dir='ltr'>Dicitur</span> <span class='ocrx_word' id='word_1_693' title='bbox 1446 2558 1526 2592; x_wconf 90' lang='lat' dir='ltr'>item</span> <span class='ocrx_word' id='word_1_694' title='bbox 1551 2557 1586 2591; x_wconf 88' lang='lat' dir='ltr'>in</span> <span class='ocrx_word' id='word_1_695' title='bbox 1601 2554 1804 2596; x_wconf 77' lang='lat' dir='ltr'>proverbio,</span> <span class='ocrx_word' id='word_1_696' title='bbox 1830 2554 1988 2602; x_wconf 79' lang='lat' dir='ltr'>Principijs</span> <span class='ocrx_word' id='word_1_697' title='bbox 2006 2552 2112 2600; x_wconf 53' lang='lat' dir='ltr'>obstag&#39;</span> 
     </span>
     <span class='ocr_line' id='line_1_111' title="bbox 1251 2604 2108 2654; baseline -0.008 -10"><span class='ocrx_word' id='word_1_698' title='bbox 1251 2605 1317 2653; x_wconf 71' lang='lat' dir='ltr'>,sero</span> <span class='ocrx_word' id='word_1_699' title='bbox 1333 2606 1493 2644; x_wconf 85' lang='lat' dir='ltr'>Medicina</span> <span class='ocrx_word' id='word_1_700' title='bbox 1501 2609 1645 2654; x_wconf 80' lang='lat' dir='ltr'>paratur.</span> <span class='ocrx_word' id='word_1_701' title='bbox 1677 2606 1767 2652; x_wconf 86' lang='lat' dir='ltr'>Ergo</span> <span class='ocrx_word' id='word_1_702' title='bbox 1776 2604 2018 2652; x_wconf 72' lang='lat' dir='ltr'>perfectiffimus</span> <span class='ocrx_word' id='word_1_703' title='bbox 2033 2606 2108 2639; x_wconf 83' lang='lat' dir='ltr'>Me.</span> 
     </span>
     <span class='ocr_line' id='line_1_112' title="bbox 1256 2650 2112 2702; baseline -0.005 -9"><span class='ocrx_word' id='word_1_704' title='bbox 1256 2656 1370 2697; x_wconf 81' lang='lat' dir='ltr'>dicus,</span> <span class='ocrx_word' id='word_1_705' title='bbox 1395 2654 1564 2696; x_wconf 85' lang='lat' dir='ltr'>Christus,</span> <span class='ocrx_word' id='word_1_706' title='bbox 1589 2655 1758 2702; x_wconf 74' lang='lat' dir='ltr'>principiis</span> <span class='ocrx_word' id='word_1_707' title='bbox 1766 2650 1937 2690; x_wconf 83' lang='lat' dir='ltr'>maculofis</span> <span class='ocrx_word' id='word_1_708' title='bbox 1948 2654 1985 2689; x_wconf 89' lang='lat' dir='ltr'>in</span> <span class='ocrx_word' id='word_1_709' title='bbox 1994 2654 2112 2690; x_wconf 56' lang='lat' dir='ltr'>Mari&amp;</span> 
     </span>
     <span class='ocr_line' id='line_1_113' title="bbox 1256 2704 1755 2747; baseline -0.006 -5"><span class='ocrx_word' id='word_1_710' title='bbox 1256 2704 1531 2742; x_wconf 83' lang='lat' dir='ltr'>obfisterevoluit.</span> <span class='ocrx_word' id='word_1_711' title='bbox 1584 2706 1676 2740; x_wconf 86' lang='lat' dir='ltr'>Ratio</span> <span class='ocrx_word' id='word_1_712' title='bbox 1694 2717 1755 2747; x_wconf 84' lang='lat'>99·</span> 
     </span>
    </p>

    <p class='ocr_par' dir='ltr' id='par_1_37' title="bbox 1206 2749 2110 2949">
     <span class='ocr_line' id='line_1_114' title="bbox 1206 2749 2110 2801; baseline -0.009 -9"><span class='ocrx_word' id='word_1_713' title='bbox 1206 2765 1268 2801; x_wconf 82' lang='lat'>90.</span> <span class='ocrx_word' id='word_1_714' title='bbox 1291 2758 1395 2792; x_wconf 83' lang='lat' dir='ltr'>Favet</span> <span class='ocrx_word' id='word_1_715' title='bbox 1415 2757 1518 2791; x_wconf 86' lang='lat' dir='ltr'>etiam·</span> <span class='ocrx_word' id='word_1_716' title='bbox 1535 2751 1750 2800; x_wconf 83' lang='lat' dir='ltr'>Philosophia</span> <span class='ocrx_word' id='word_1_717' title='bbox 1769 2775 1781 2793; x_wconf 86' lang='lat'>‚</span> <span class='ocrx_word' id='word_1_718' title='bbox 1812 2749 1892 2786; x_wconf 88' lang='lat' dir='ltr'>dum</span> <span class='ocrx_word' id='word_1_719' title='bbox 1907 2749 2012 2786; x_wconf 68' lang='lat' dir='ltr'>dicits</span> <span class='ocrx_word' id='word_1_720' title='bbox 2037 2752 2110 2786; x_wconf 89' lang='lat' dir='ltr'>Bo-&#39;·</span> 
     </span>
     <span class='ocr_line' id='line_1_115' title="bbox 1254 2797 2106 2852; baseline -0.008 -11"><span class='ocrx_word' id='word_1_721' title='bbox 1254 2816 1337 2841; x_wconf 90' lang='lat' dir='ltr'>num</span> <span class='ocrx_word' id='word_1_722' title='bbox 1348 2816 1391 2841; x_wconf 90' lang='lat' dir='ltr'>ex</span> <span class='ocrx_word' id='word_1_723' title='bbox 1398 2802 1526 2852; x_wconf 64' lang='lat' dir='ltr'>integra</span> <span class='ocrx_word' id='word_1_724' title='bbox 1534 2804 1630 2839; x_wconf 61' lang='lat' dir='ltr'>causa</span> <span class='ocrx_word' id='word_1_725' title='bbox 1637 2825 1648 2844; x_wconf 90' lang='lat'><strong>,</strong></span> <span class='ocrx_word' id='word_1_726' title='bbox 1672 2802 1799 2838; x_wconf 89' lang='lat' dir='ltr'>malum</span> <span class='ocrx_word' id='word_1_727' title='bbox 1808 2799 2004 2848; x_wconf 89' lang='lat' dir='ltr'>exquolibet</span> <span class='ocrx_word' id='word_1_728' title='bbox 2014 2797 2106 2835; x_wconf 85' lang='lat' dir='ltr'>defe-</span> 
     </span>
     <span class='ocr_line' id='line_1_116' title="bbox 1256 2848 2108 2901; baseline -0.007 -11"><span class='ocrx_word' id='word_1_729' title='bbox 1256 2857 1323 2891; x_wconf 77' lang='grc' dir='ltr'><strong>ἂιι.</strong></span> <span class='ocrx_word' id='word_1_730' title='bbox 1371 2855 1513 2901; x_wconf 85' lang='lat' dir='ltr'>Ergone</span> <span class='ocrx_word' id='word_1_731' title='bbox 1525 2853 1636 2888; x_wconf 89' lang='lat' dir='ltr'>Maria</span> <span class='ocrx_word' id='word_1_732' title='bbox 1647 2850 1772 2887; x_wconf 87' lang='lat' dir='ltr'>dicatur</span> <span class='ocrx_word' id='word_1_733' title='bbox 1793 2850 1899 2890; x_wconf 85' lang='lat' dir='ltr'>mala,</span> <span class='ocrx_word' id='word_1_734' title='bbox 1922 2848 2017 2885; x_wconf 79' lang='lat' dir='ltr'>omni</span> <span class='ocrx_word' id='word_1_735' title='bbox 2028 2861 2108 2886; x_wconf 77' lang='lat' dir='ltr'>mo-</span> 
     </span>
     <span class='ocr_line' id='line_1_117' title="bbox 1256 2899 2021 2949; baseline -0.009 -9"><span class='ocrx_word' id='word_1_736' title='bbox 1256 2915 1372 2941; x_wconf 85' lang='lat' dir='ltr'>mento</span> <span class='ocrx_word' id='word_1_737' title='bbox 1386 2902 1510 2949; x_wconf 81' lang='lat' dir='ltr'>absque</span> <span class='ocrx_word' id='word_1_738' title='bbox 1524 2901 1598 2938; x_wconf 85' lang='lat' dir='ltr'>labe</span> <span class='ocrx_word' id='word_1_739' title='bbox 1609 2901 1746 2937; x_wconf 90' lang='lat' dir='ltr'>dicenda</span> <span class='ocrx_word' id='word_1_740' title='bbox 1754 2899 1812 2936; x_wconf 90' lang='lat' dir='ltr'>est.</span> <span class='ocrx_word' id='word_1_741' title='bbox 1861 2900 1953 2934; x_wconf 87' lang='lat' dir='ltr'>Ratio</span> <span class='ocrx_word' id='word_1_742' title='bbox 1962 2902 2021 2934; x_wconf 81' lang='lat'>60.</span> 
     </span>
    </p>

    <p class='ocr_par' dir='ltr' id='par_1_38' title="bbox 1206 2945 2107 3089">
     <span class='ocr_line' id='line_1_118' title="bbox 1206 2945 2107 2998; baseline -0.012 -8"><span class='ocrx_word' id='word_1_743' title='bbox 1206 2963 1270 2998; x_wconf 84' lang='lat'>91-</span> <span class='ocrx_word' id='word_1_744' title='bbox 1296 2956 1381 2989; x_wconf 91' lang='lat' dir='ltr'>Item</span> <span class='ocrx_word' id='word_1_745' title='bbox 1389 2952 1481 2989; x_wconf 85' lang='lat' dir='ltr'>causa</span> <span class='ocrx_word' id='word_1_746' title='bbox 1492 2963 1562 2988; x_wconf 88' lang='lat' dir='ltr'>non</span> <span class='ocrx_word' id='word_1_747' title='bbox 1575 2950 1620 2987; x_wconf 89' lang='lat' dir='ltr'>est</span> <span class='ocrx_word' id='word_1_748' title='bbox 1639 2951 1781 2986; x_wconf 87' lang='lat' dir='ltr'>deterior</span> <span class='ocrx_word' id='word_1_749' title='bbox 1796 2948 1854 2985; x_wconf 91' lang='lat' dir='ltr'>suo</span> <span class='ocrx_word' id='word_1_750' title='bbox 1871 2945 1996 2983; x_wconf 62' lang='lat' dir='ltr'>effectu.</span> <span class='ocrx_word' id='word_1_751' title='bbox 2044 2948 2107 2982; x_wconf 57' lang='lat' dir='ltr'>Era</span> 
     </span>
     <span class='ocr_line' id='line_1_119' title="bbox 1254 2994 2104 3051; baseline -0.009 -12"><span class='ocrx_word' id='word_1_752' title='bbox 1254 3015 1298 3051; x_wconf 86' lang='lat' dir='ltr'>go</span> <span class='ocrx_word' id='word_1_753' title='bbox 1310 3015 1370 3038; x_wconf 89' lang='lat' dir='ltr'>nec</span> <span class='ocrx_word' id='word_1_754' title='bbox 1377 3002 1490 3039; x_wconf 87' lang='lat' dir='ltr'>Maria</span> <span class='ocrx_word' id='word_1_755' title='bbox 1498 2999 1730 3048; x_wconf 61' lang='lat' dir='ltr'>Mater2quoad</span> <span class='ocrx_word' id='word_1_756' title='bbox 1740 2994 2104 3037; x_wconf 59' lang='lat' dir='ltr'>immunitatemsshria</span> 
     </span>
     <span class='ocr_line' id='line_1_120' title="bbox 1253 3052 1611 3089; baseline -0.006 0"><span class='ocrx_word' id='word_1_757' title='bbox 1253 3053 1302 3089; x_wconf 89' lang='lat' dir='ltr'>sto</span> <span class='ocrx_word' id='word_1_758' title='bbox 1311 3052 1413 3089; x_wconf 89' lang='lat' dir='ltr'>Filio.</span> <span class='ocrx_word' id='word_1_759' title='bbox 1463 3053 1555 3088; x_wconf 87' lang='lat' dir='ltr'>Ratio</span> <span class='ocrx_word' id='word_1_760' title='bbox 1578 3062 1611 3087; x_wconf 69' lang='grc' dir='ltr'>π.</span> 
     </span>
    </p>

    <p class='ocr_par' dir='ltr' id='par_1_39' title="bbox 1205 3092 2102 3148">
     <span class='ocr_line' id='line_1_121' title="bbox 1205 3092 2102 3148; baseline -0.01 -9"><span class='ocrx_word' id='word_1_761' title='bbox 1205 3113 1264 3148; x_wconf 80' lang='lat'><em>92·-</em></span> <span class='ocrx_word' id='word_1_762' title='bbox 1292 3102 1382 3139; x_wconf 74' lang='lat' dir='ltr'>Cum</span> <span class='ocrx_word' id='word_1_763' title='bbox 1397 3101 1490 3138; x_wconf 83' lang='lat' dir='ltr'>locus</span> <span class='ocrx_word' id='word_1_764' title='bbox 1517 3098 1741 3138; x_wconf 86' lang='lat' dir='ltr'>communiter</span> <span class='ocrx_word' id='word_1_765' title='bbox 1765 3094 1802 3133; x_wconf 84' lang='lat' dir='ltr'>fit</span> <span class='ocrx_word' id='word_1_766' title='bbox 1821 3092 1958 3143; x_wconf 68' lang='lat' dir='ltr'>equalis</span> <span class='ocrx_word' id='word_1_767' title='bbox 1975 3092 2102 3138; x_wconf 46' lang='lat' dir='ltr'>locarat,</span> 
     </span>
    </p>

    <p class='ocr_par' dir='ltr' id='par_1_40' title="bbox 1293 3155 1432 3188">
     <span class='ocr_line' id='line_1_122' title="bbox 1293 3155 1432 3188; baseline -0.014 0"><span class='ocrx_word' id='word_1_768' title='bbox 1293 3155 1357 3188; x_wconf 85' lang='lat' dir='ltr'>atio</span> <span class='ocrx_word' id='word_1_769' title='bbox 1401 3163 1432 3188; x_wconf 91' lang='lat' dir='ltr'>o.</span> 
     </span>
    </p>

    <p class='ocr_par' dir='ltr' id='par_1_41' title="bbox 1207 3154 2106 3278">
     <span class='ocr_line' id='line_1_123' title="bbox 1207 3154 2106 3278; baseline -0.004 -37"><span class='ocrx_word' id='word_1_770' title='bbox 1207 3154 1302 3250; x_wconf 38' lang='lat'>933</span> <span class='ocrx_word' id='word_1_771' title='bbox 1291 3204 1334 3241; x_wconf 85' lang='lat' dir='ltr'>Et</span> <span class='ocrx_word' id='word_1_772' title='bbox 1352 3165 1460 3241; x_wconf 75' lang='lat' dir='ltr'>fo7rrna</span> <span class='ocrx_word' id='word_1_773' title='bbox 1475 3197 1621 3245; x_wconf 79' lang='lat' dir='ltr'>munda,</span> <span class='ocrx_word' id='word_1_774' title='bbox 1644 3207 1769 3246; x_wconf 81' lang='lat' dir='ltr'>acpura</span> <span class='ocrx_word' id='word_1_775' title='bbox 1791 3205 1861 3240; x_wconf 70' lang='lat' dir='ltr'>nen</span> <span class='ocrx_word' id='word_1_776' title='bbox 1873 3190 2106 3278; x_wconf 50' lang='lat' dir='ltr'>poffitedufgir</span> 
     </span>
    </p>

    <p class='ocr_par' dir='ltr' id='par_1_42' title="bbox 2016 3253 2052 3278">
     <span class='ocr_line' id='line_1_124' title="bbox 2016 3253 2052 3278; baseline 0.028 -1"><span class='ocrx_word' id='word_1_777' title='bbox 2016 3253 2052 3278; x_wconf 80' lang='lat' dir='ltr'>nr</span> 
     </span>
    </p>
   </div>
  </div>
 </body>
</html>
