2169 3496
241 104 413 170 Index
454 105 535 172 111.
556 105 1306 192 Dogmatum,1³rocardicor.
1320 108 1563 191 Regular.
1583 109 1739 194 Juri5‚
1753 108 1864 174 &cg

97 208 158 247 λζ.
181 210 284 256 Juxta
294 208 374 245 illos
388 210 499 254 enim,
525 212 685 259 quidquid
711 223 781 248 erat
799 212 982 248 uniendum
995 236 1005 252 ,
1057 223 1115 259 44..
1145 209 1298 258 insuper,
1320 213 1432 247 nonne
1444 212 1545 248 Filius
1555 212 1600 248 est
1613 226 1715 251 tantae
1732 217 1908 263 Sapientiae
1927 226 1964 253 ac

143 259 199 294 vel
228 259 471 296 terminandum
505 260 710 310 hypostatice
734 262 752 297 ὲ
774 261 1007 298 personalitate

144 308 247 366 Verbi
270 330 281 349 ,
304 308 523 346 debuitfuiffe
533 314 702 348 sanctum.
753 313 876 359 Atqui:
904 313 1008 358 Ergo.

97 363 338 452 αγῖἶαὲἵοόῑῖτηε
356 407 608 444 beatificandum
629 419 685 455 per
701 408 859 444 meritum
871 408 1006 449 Christi,

148 469 192 492 ex
201 457 487 504 praedestinatione
511 456 638 494 DIVina
652 481 664 498 ,
691 457 735 493 est
755 457 1008 505 gratificandum

1106 265 1291 307 potentiae,
1317 263 1351 296 in
1371 262 1528 309 eligendo
1544 262 1598 297 fibi
1619 265 1762 300 Matrem
1793 265 1827 299 in
1854 269 1966 307 tertis,

1106 321 1239 356 quantae
1260 312 1361 354 *Pater
1384 314 1418 346 in
1438 313 1653 359 producendo
1683 315 1793 360 quoad
1807 316 1890 349 intra
1909 328 1968 349 co-

1105 359 1235 405 aequale
1248 356 1305 394 fibi
1319 360 1481 397 Verbum?
1497 362 1558 397 Sed
1570 362 1622 396 hic
1639 375 1707 397 non
1722 364 1834 410 potuit
1844 366 1968 409 produ·

1106 419 1201 448 cere,
1228 407 1285 443 nili
1301 410 1450 445 Verbum
1468 408 1524 445 fibi
1538 420 1687 457 gratum,
1713 415 1749 448 δε
1764 425 1882 459 expers
1893 426 1968 449 cor—

1108 458 1287 503 ruptionis.
1339 461 1441 507 Ergo.
1491 463 1584 494 Ratio
1597 463 1653 502 63.

145 508 273 554 gratia,
300 518 433 553 gratum
455 508 597 544 faciente
614 529 626 549 ,
657 506 819 552 peridem
836 509 1007 544 meritum.
1058 514 1119 552 45.
1140 506 1254 541 Potuit
1272 507 1373 553 igitur
1385 510 1497 549 Deus,
1522 511 1558 546 δέ
1580 510 1689 544 voluit
1716 510 1865 548 Mariam
1886 521 1967 558 prae‘

149 558 267 602 Atqui.
293 559 394 604 Ergo.
445 559 536 592 Ratio
548 568 607 602 73·

1107 553 1246 590 servare.
1297 559 1390 593 Ratio
1412 570 1469 602 34.

97 607 163 644 ³28.
187 604 307 641 Hincfi
322 618 390 642 non
404 605 444 642 de
453 604 622 652 condigno
631 626 642 644 ,
662 601 778 640 saltem
795 605 935 642 dicenda
947 607 1008 641 erit
1058 607 1119 650 46.
1145 606 1188 639 Et
1203 614 1363 651 tanquam
1382 606 1548 642 summum
1558 605 1696 648 bonum,
1710 606 1759 643 sui
1775 608 1967 644 communi-

151 667 230 702 pura
238 655 444 701 originaliter
459 678 469 696 ‚
490 654 530 688 de
541 665 700 700 congruo.
753 657 844 689 Ratio
859 665 912 700 13.

103 714 164 747 29.
191 708 239 740 Ut
252 716 326 739 earn
346 702 590 744 innocentiam,
607 715 723 755 ’quam
737 703 840 740 Filius
858 704 973 740 habuit
993 705 1011 742 ὲ

1110 655 1258 689 cativum
1271 678 1281 693 ,
1308 666 1383 690 eam
1405 655 1484 691 boni
1505 658 1730 693 immunitatis
1750 657 1814 695 suae
1832 659 1968 694 reddere

1111 704 1321 750 participem.
1374 708 1464 741 Ratio
1485 715 1542 750 51.

152 755 293 795 natura,
321 754 428 789 Maria
470 762 632 800 acceperit
659 765 716 800 pet
748 754 899 800 gratiam.
951 760 1011 790 Ra·
1038 788 1040 790 ,
1062 763 1122 801 47-
1149 754 1181 788 Si
1195 754 1312 793 enim,
1337 753 1433 797 juxra
1443 754 1682 797 proverbium,
1709 757 1836 791 Amicus
1846 756 1883 800 esi
1893 754 1971 792 alter

151 805 197 838 tio
221 815 235 838 1
265 825 275 836 .
534 835 537 839 s

108 864 155 901 30
193 815 392 891 Ρτὲίέιτίητ,
417 848 494 886 cum
513 848 634 886 Mariae
650 850 850 891 innocentia,
867 864 910 887 ex
923 864 1011 899 prae-

155 899 354 941 servatione,
378 912 532 946 magnam
545 899 694 937 attulerit
702 900 939 937 excellentiam
951 899 1008 948 ipfi

155 954 242 986 Deo.
292 951 382 984 Ratio
393 955 451 985 26.

109 1011 168 1049 31.
197 997 337 1034 Econtra
362 998 458 1044 culpa
475 998 599 1034 Matris
610 998 796 1033 maximam
814 997 872 1047 ipfi
885 999 1011 1037 intulis-

146 1045 201 1086 ,set
211 1046 442 1094 ignominiam.
495 1050 585 1084 Ratio
601 1059 659 1084 2ο.

107 1108 166 1145 32.
192 1098 280 1132 Sicut
295 1098 403 1136 enim,
427 1095 539 1132 habita
568 1100 724 1144 optione,
751 1097 853 1133 Filius
874 1100 1014 1145 quisque

153 1148 307 1181 Parentes
317 1144 373 1181 libi
384 1145 578 1188 nobiliores,
588 1159 625 1181 ac
640 1147 845 1183 decentiores
855 1149 897 1183 eli
901 1161 991 1196 geret
1002 1171 1013 1188 ,

154 1193 196 1231 fic
208 1194 427 1242 multomagis
437 1200 527 1232 Deus
548 1195 616 1243 ipse
625 1196 895 1240 decentissimam,
911 1209 948 1233 ac
960 1200 1014 1232 in-

154 1244 418 1281 nocentiffimam
431 1246 593 1282 Matrem.
643 1249 733 1280 Ratio
742 1259 800 1290 74.

106 1305 167 1341 33.
199 1295 289 1329 curn
303 1294 386 1329 viles
396 1295 522 1330 natales
534 1295 655 1330 Matris
672 1295 771 1332 alicui
787 1295 931 1342 Principi
943 1295 1013 1331 val-

157 1342 197 1378 de
209 1341 267 1379 lint
279 1343 497 1379 erubescendi.
546 1346 639 1379 Ratio
660 1348 718 1389 87.

108 1405 168 1443 34.
195 1392 352 1428 Praeterea
364 1391 534 1433 Christus,
561 1404 598 1427 ut
610 1391 840 1427 reconciliator
847 1391 1013 1439 perfestis—

155 1440 271 1481 fimus,
297 1441 410 1475 debuit
426 1439 541 1476 [altem
560 1440 737 1477 secundum
761 1454 865 1478 unum
887 1442 1014 1477 indivi-

152 1490 257 1526 duum
271 1515 282 1530 ,
308 1490 536 1537 perfectiffimo
552 1490 657 1527 modo
668 1490 896 1527 reconciliare.
947 1495 1011 1526 Ra—

150 1542 195 1575 tio
213 1551 272 1576 2ι.

103 1601 126 1635 ς
132 1602 166 1638 5.
189 1590 233 1624 Et
241 1600 400 1637 tanquam
415 1585 660 1636 perfestiffimus
675 1584 930 1632 artifex,debuit
948 1590 1013 1624 uti-

153 1651 239 1685 que,
264 1640 300 1673 in
331 1639 473 1681 subjecto
504 1639 756 1686 peffeffiffimo,
793 1638 891 1688 quale
905 1640 1014 1674 Maria

155 1686 238 1730 fuit,
250 1698 337 1735 opus
349 1689 612 1736 perfestiffimum
628 1701 789 1725 exercere.
841 1691 931 1724 Ratio
945 1698 1004 1733 35.

104 1743 168 1783 36,
194 1742 342 1785 Apparet
356 1738 486 1784 insuper
498 1751 542 1774 ex
557 1750 599 1774 eo
615 1739 672 1775 vel
692 1737 840 1775 maxime
856 1737 1015 1785 sapientia

155 1787 288 1823 artificis
297 1810 309 1828 ,
329 1786 349 1822 fi
359 1800 400 1824 ex
411 1790 546 1824 materia
557 1789 750 1837 imperfecta
762 1788 922 1836 producat
930 1800 1016 1835 opus

151 1837 333 1885 perfectum
360 1848 370 1870 τ
395 1838 542 1886 adeoque
562 1850 604 1874 ex
624 1839 838 1875 immaculata
862 1840 1014 1884 Concep-

156 1888 250 1922 tione
272 1888 410 1928 Mariae,
436 1887 615 1924 secundnm
640 1888 812 1924 Adamum
834 1887 1013 1923 considera-

155 1947 202 1973 tae
217 1959 229 1978 ,
269 1935 426 1983 probatur
459 1937 588 1974 summa
621 1939 687 1974 Dei
720 1938 899 1986 Sapientia.
949 1941 1013 1972 Ra-

159 1988 204 2021 tio
227 1998 286 2029 79.

110 2045 172 2082 37.
198 2038 247 2071 Ut
257 2034 378 2070 merito
389 2037 495 2071 Maria
515 2031 700 2082 specialiter
711 2034 848 2077 laudet,
871 2044 909 2072 ac
919 2046 1015 2082 mag·

160 2083 416 2129 nificetDeum3
442 2086 519 2132 quia
535 2087 623 2132 Opus
633 2083 744 2121 laudat
754 2086 843 2130 snum
860 2086 1014 2129 artificem.

158 2135 251 2169 Ratio
272 2146 349 2170 ιοο.

111 2188 172 2231 38.
199 2185 244 2218 Et
255 2181 368 2217 nonne
377 2181 630 2230 Redemptionis
647 2195 732 2231 opus
744 2182 788 2219 est
799 2181 892 2231 aeque
901 2181 1014 2219 excel-

157 2231 252 2272 lens,
280 2243 318 2267 ac
328 2232 632 2278 opusCreationis?
657 2231 821 2281 fiergoibi
838 2233 1016 2270 fuitcreata

157 2292 276 2317 natura
295 2293 570 2328 protoparentum
593 2280 657 2317 fine
673 2295 808 2330 peccato
830 2285 866 2318 in
891 2284 995 2331 gratia
1008 2305 1019 2323 ‚

157 2330 264 2367 etiam
278 2329 333 2366 hic
348 2329 464 2367 saltem
492 2330 603 2378 aliqua
627 2344 771 2369 creatura
799 2332 915 2369 debuit
931 2345 1014 2379 prae-

158 2379 324 2417 servative
362 2380 503 2422 redimi,
529 2379 595 2417 fine
621 2394 760 2430 peccato
778 2406 790 2423 ‚
832 2384 868 2419 in
898 2384 1015 2430 gratia.

152 2434 247 2466 Ratio
265 2442 326 2474 41.

112 2482 174 2528 39.
200 2482 250 2516 Ut
273 2478 434 2526 proinde,
459 2477 536 2516 ficut
558 2479 680 2515 Adami
703 2483 738 2519 &
756 2483 837 2518 Evae
855 2478 918 2517 fuit
937 2492 1016 2528 pura

160 2529 356 2577 productio,
389 2527 430 2566 fic
454 2530 572 2566 Matiae
592 2529 691 2567 fuerit
709 2543 789 2576 pura
814 2533 1016 2579 conceptio.

162 2581 255 2614 Ratio
295 2582 319 2614 6
323 2590 356 2615 2.

111 2639 175 2674 40.
199 2628 289 2664 cum
299 2624 420 2664 Christi
444 2627 540 2675 origo
555 2638 656 2665 tantae
674 2630 788 2677 utique
805 2629 1015 2678 perfestionis

160 2678 279 2719 fuerit,
304 2688 437 2726 quantae
447 2677 509 2713 fuit
527 2679 623 2725 origo
645 2679 787 2720 Adami,
814 2681 870 2727 qui
886 2679 1014 2727 proces-

160 2726 344 2770 fiteterrtn
367 2726 466 2763 nullo
482 2726 590 2765 adhuc
609 2741 748 2777 peccato
764 2729 896 2766 infecta.
948 2735 1012 2765 Ra·

159 2779 207 2813 tio
237 2788 256 2813 2
285 2804 295 2813 .

112 2840 154 2876 4¹
165 2851 174 2863 .
203 2789 374 2861 Negenim
383 2823 450 2872 ipse
458 2823 542 2861 uasti
558 2823 712 2874 potuisset
728 2821 762 2862 in
779 2823 901 2871 justitia
912 2827 1014 2875 origi-

162 2875 244 2916 nali,
255 2873 314 2911 nifi
330 2874 466 2913 *aMatre
478 2873 623 2914 habente
633 2877 790 2923 justitiam
806 2878 1014 2925 originalem.

163 2927 256 2961 Ratio
274 2930 334 2961 61.

115 2985 177 3021 μ.
203 2976 320 3011 Caruit
331 2971 432 3021 igitur
449 2972 559 3010 Maria
578 2985 648 3011 tam
665 2975 831 3022 corporali
848 2977 1013 3023 corrupti·

163 3036 228 3059 one
252 3048 264 3065 ,
296 3024 398 3071 quam
431 3023 643 3070 corruptione
677 3028 798 3060 animae
820 3039 833 3068 3
864 3024 1013 3073 adeoq'ue

160 3073 225 3109 fuit
245 3072 310 3109 fine
325 3084 480 3121 peccato,
502 3073 593 3118 cujus
612 3085 749 3122 utraque
773 3077 942 3124 corruptio
968 3077 1015 3114 est

163 3121 306 3160 effectus.
356 3125 448 3158 Ratio
470 3133 491 3158 2
497 3134 530 3166 3.

120 3181 179 3218 43.
202 3173 271 3209 Ubi
282 3171 441 3216 nimirum
474 3172 586 3218 omnis
618 3169 749 3209 effectus
778 3171 882 3209 causae
910 3172 996 3211 deest
1009 3201 1020 3218 ,

159 3222 260 3258 etiarn
270 3221 362 3259 causa
370 3219 438 3270 ipsa
452 3220 558 3260 deeffe
566 3220 725 3260 censetur.
768 3224 883 3270 Atqui.
916 3225 1019 3272 Ergo,

164 3273 254 3309 Ratio
274 3281 335 3317 43⁶

1109 812 1166 853 ego
1191 824 1202 842 2
1231 801 1344 838 Maria
1362 803 1470 844 certe,
1495 804 1551 840 suo
1571 804 1672 840 modo
1687 826 1698 844 ,
1725 817 1845 853 nempe
1862 807 1971 854 quoad

1111 853 1360 887 immunitatem
1384 853 1403 890 ὲ
1426 866 1562 901 peccato
1580 877 1590 895 ,
1621 853 1704 890 alter
1731 854 1845 889 Filius.
1907 861 1970 891 Ra-

1108 903 1153 936 tio
1173 904 1233 944 98.

1061 955 1117 995 48.
1146 952 1224 985 Tali
1243 958 1386 998 namque
1417 954 1574 988 amicitiae
1597 946 1749 999 speciali,
1775 952 1883 999 qualis
1908 953 1969 989 fuit

1108 1002 1195 1035 inter
1235 1000 1422 1042 Christum,
1452 1006 1486 1040 ὅ(
1518 1006 1661 1037 Matrem
1690 1005 1781 1044 ejus,
1808 1016 1972 1050 repugna·-

1113 1048 1171 1084 bat
1183 1050 1278 1084 omni
1296 1050 1399 1086 modo
1416 1051 1544 1086 macula
1562 1050 1747 1098 originalis.
1799 1056 1959 1093 Ratio42.

1066 1111 1125 1144 49.
1151 1103 1185 1132 ln
1206 1099 1265 1133 hac
1285 1112 1366 1146 ergo
1385 1100 1641 1146 prael'ervatione
1667 1102 1807 1140 Matris,
1834 1103 1897 1136 Dei
1920 1104 1971 1137 Fi-

1115 1149 1181 1183 lius
1204 1149 1629 1198 deceptorediabololonge
1645 1151 1708 1187 fuit
1722 1153 1911 1198 potentior,
1931 1161 1972 1188 ac

1114 1197 1305 1244 sapientior.
1356 1202 1446 1236 Ratio
1470 1212 1529 1244 24.

1067 1256 1124 1293 50.
1144 1247 1278 1287 Verbo,
1309 1248 1427 1284 Mariae
1449 1245 1664 1286 immaculata
1681 1251 1888 1298 Conceptio‚
1918 1262 1974 1286 ut·

1110 1298 1191 1343 pote
1204 1298 1402 1333 antecedens
1418 1301 1532 1334 omnia
1547 1300 1674 1346 reliqua
1692 1312 1799 1336 creata
1810 1303 1843 1335 in
1854 1303 1976 1335 Decre-

1114 1357 1151 1379 ro
1177 1348 1327 1387 Divino,
1356 1348 1519 1383 antecedit
1538 1346 1639 1384 eriam
1663 1348 1770 1396 ipsum
1789 1362 1977 1397 peccatum.

1113 1397 1207 1429 Ratio
1228 1401 1287 1437 38.
1908 1400 1913 1403 ’

1066 1450 1124 1489 51.
1152 1444 1228 1478 Hoc
1239 1444 1353 1479 dicunt
1369 1440 1615 1492 nonTheologi
1627 1440 1757 1482 tantum
1769 1471 1780 1488 ,
1802 1441 1857 1482 sed
1874 1449 1908 1483 &
1921 1447 1974 1482 in·

1112 1504 1213 1539 tegrae
1239 1492 1445 1536 Provinciae,
1480 1495 1692 1543 Religiones,
1721 1494 1974 1538 Univerfitates,

1113 1541 1324 1589 Populi,&c.
1342 1543 1345 1546 ’
1373 1545 1477 1592 Atqui
1485 1550 1560 1582 Vox
1566 1544 1673 1593 populi
1690 1556 1760 1582 vox
1769 1548 1842 1583 Dei.
1868 1547 1974 1595 Ergo.

1114 1595 1204 1627 Ratio
1227 1604 1279 1628 12.

1068 1653 1125 1687 52.
1149 1652 1224 1683 Nec
1239 1640 1355 1678 desunt
1375 1639 1536 1679 miracula
1560 1641 1726 1690 plurima,
1752 1654 1828 1690 quae
1859 1644 1977 1691 utique

1113 1702 1183 1726 non
1201 1703 1392 1738 patrantur,
1430 1705 1492 1740 pro
1518 1692 1684 1730 afferenda
1707 1691 1860 1731 falfirate.
1910 1698 1977 1729 Ra-

1114 1744 1158 1777 tio
1180 1754 1233 1776 ιο.

1067 1794 1125 1837 ¹53.
1152 1790 1253 1836 Qod
1270 1783 1308 1830 G,
1339 1791 1434 1833 juxta
1459 1788 1678 1832 Canonistas,
1704 1786 1886 1840 Episcopus
1904 1794 1973 1829 Ca-

1114 1839 1236 1875 nonice
1258 1840 1380 1876 elenus
1399 1841 1435 1876 &
1455 1840 1688 1883 confirmatus,
1713 1854 1790 1877 ante
1810 1841 1975 1878 actualem

1114 1888 1395 1926 consecrationem
1405 1891 1472 1933 iam
1488 1891 1609 1938 gaudet
1626 1891 1976 1937 eademjurisdistione

1113 1942 1148 1975 &
1161 1939 1345 1987 privilegiis
1366 1963 1377 1980 ,
1400 1939 1520 1987 quibus
1538 1941 1657 1988 gaudet
1672 1944 1743 1977 astu
1759 1941 1976 1983 consecratus,

1115 1990 1223 2024 Maria
1241 1990 1327 2025 certe
1347 2013 1357 2031 ,
1384 1990 1632 2035 quamprimum
1646 1990 1710 2026 fuit
1729 1990 1830 2026 elena
1851 1993 1886 2027 in
1896 1992 1976 2028 Ma-

1115 2048 1200 2073 trem
1222 2039 1306 2079 Dei,
1333 2051 1454 2086 nempe
1467 2038 1509 2074 ab
1523 2052 1669 2081 aeterno,
1695 2040 1976 2088 gavisaestprivi-

1115 2088 1207 2135 legio
1217 2089 1460 2135 exemptionis,
1510 2093 1602 2125 Ratio
1619 2093 1679 2132 96.

1069 2147 1126 2185 54.
1155 2138 1333 2186 Privilegia
1355 2136 1433 2174 vero
1460 2141 1618 2185 perpetua
1641 2134 1795 2175 firmitate
1828 2138 1976 2177 constare

1114 2186 1250 2223 debent.
1300 2190 1389 2235 Ergo
1407 2190 1442 2225 &
1460 2188 1584 2225 dictum
1599 2189 1718 2224 Mariae
1743 2188 1976 2237 privilegium.

1115 2240 1206 2272 Ratio
1232 2243 1291 2273 ει.

1069 2293 1126 2332 55.
1153 2286 1255 2330 Quod
1274 2284 1295 2322 fi
1322 2298 1391 2321 non
1413 2280 1600 2323 assumenda
1622 2284 1659 2322 in
1673 2284 1876 2324 Abbatiffam
1897 2287 1976 2331 illa,

1116 2348 1191 2383 quae
1202 2347 1272 2371 non
1285 2334 1331 2371 est
1343 2338 1444 2382 Virgo
1456 2355 1467 2377 ,
1493 2334 1570 2372 licet
1580 2338 1680 2372 etiam
1695 2336 1795 2373 fuerit
1810 2338 1977 2376 violenter:

1115 2398 1267 2433 corrupta
1281 2409 1291 2426 ,
1321 2384 1494 2432 quomodo
1508 2389 1615 2422 Maria
1626 2383 1814 2424 assumenda
1830 2389 1865 2423 in
1874 2389 1977 2436 Regia

1117 2447 1197 2470 nam
1212 2437 1406 2483 Sanctorum
1427 2438 1610 2479 omnium„
1637 2434 1659 2471 fi
1675 2436 1774 2474 fuerit
1793 2434 1976 2486 aliquando

1117 2486 1283 2532 peccatrix
1305 2485 1317 2519 ἓ
1369 2486 1460 2520 Ratio
1471 2492 1530 2522 82.

1071 2538 1129 2578 56.
1155 2537 1198 2571 Et
1225 2535 1299 2581 qu'ae
1325 2532 1452 2580 Regina
1473 2534 1686 2582 Angelorum
1712 2534 1941 2571 constituenda
1961 2557 1975 2577 ,

1113 2584 1289 2632 quomodo
1299 2583 1441 2619 deterior
1449 2584 1588 2632 Angelis
1598 2583 1761 2626 habenda,
1775 2586 1831 2632 qui
1842 2584 1976 2622 fuerunt

1115 2635 1212 2670 creati
1225 2635 1259 2668 in
1273 2634 1407 2681 gratia?
1433 2635 1525 2670 Ratio
1542 2647 1601 2678 30.
1621 2680 1623 2682 q

1067 2692 1084 2728 ς
1089 2695 1125 2729 7.
1152 2682 1308 2720 poffeffot
1328 2694 1409 2729 ergo
1430 2683 1529 2718 malae
1556 2680 1630 2720 fidei
1643 2683 1717 2719 ullo
1737 2694 1887 2730 tempore
1903 2693 1976 2721 non

1113 2732 1312 2791 pgaescribit,
1332 2732 1439 2779 qualis
1449 2731 1525 2770 effer
1533 2733 1713 2774 Diabolus,
1738 2732 1883 2780 respectu
1893 2733 1974 2771 Ma<-

1116 2792 1185 2819 r'iae.
1215 2785 1305 2818 Ratio
1319 2789 1375 2827 58>-

1068 2835 1127 2877 58.
1155 2831 1246 2868 Cum
1260 2829 1371 2878 plures
1379 2830 1517 2867 eandem
1534 2838 1601 2867 rem
1621 2831 1654 2866 in
1668 2825 1811 2868 solidum
1831 2829 1974 2880 poffide·

1115 2894 1151 2917 re
1166 2894 1234 2917 non
1251 2881 1380 2929 pollint.
1407 2893 1440 2918 v.
1450 2893 1483 2928 g.
1496 2884 1611 2922 Deus,
1635 2883 1672 2918 &
1695 2879 1859 2921 diabolus.
1908 2887 1975 2919 Ra-

1116 2934 1162 2967 tio
1234 2957 1243 2967 .

1068 2989 1124 3025 59.
1151 2943 1229 3016 Et31i
1242 2976 1401 3029 sponsalia
1419 2991 1495 3015 cum
1512 2972 1638 3014 infideli
1655 2971 1728 3027 ipso
1743 2978 1832 3018 fasto
1847 2981 1978 3019 suntir-

1110 3031 1173 3065 rita
1187 3053 1198 3070 ‚
1225 3030 1314 3067 irrita
1334 3031 1435 3066 etiam
1452 3026 1559 3064 fuiss'et
1571 3029 1688 3064 Mariae
1701 3039 1778 3066 cum
1807 3032 1930 3078 Spiritu
1943 3035 1978 3069 S.

1113 3076 1320 3124 desponsatio
1333 3103 1343 3120 ,
1367 3077 1390 3114 fi
1405 3088 1464 3125 per
1485 3077 1817 3130 peccatum-{infidelia
1839 3083 1978 3122 inventa

1113 3125 1232 3176 fuisset.
1281 3131 1372 3165 Ratio
1383 3135 1439 3175 77.
1703 3129 1753 3142 *X

1072 3180 1131 3213 60.
1157 3176 1457 3223 Sponsaenimnon
1472 3175 1570 3215 debet
1582 3183 1690 3215 carere
1710 3179 1857 3219 amicitia
1867 3181 1976 3232 Spem

1118 3223 1152 3263 fi.
1179 3225 1273 3276 Ergo
1284 3241 1344 3265 nec
1355 3227 1462 3268 Maria
1470 3227 1510 3265 ad
1523 3236 1748 3268 momentum·
1798 3233 1889 3270 Ratio
1901 3247 1960 3280 57.

1121 3275 1189 3322 (⁶)

1773 3286 1833 3323 62.
1850 3283 1926 3321 Imo
