2159 3508
312 104 397 160 182

273 193 423 235 fortiter
443 193 656 248 praecinsta,
680 186 893 244 quemlibet
913 199 1067 240 quoque

275 251 592 304 nostrfimjugiter
604 261 814 304 protegere,
825 243 906 285 imo
924 250 962 285 ἃ
977 257 1068 298 prae-

276 313 430 365 cingere
451 309 591 362 poterit
613 335 623 351 ,
665 302 883 344 dummodo
912 317 999 341 eam
1023 301 1066 353 ijs

278 368 368 419 Jobi
388 364 509 407 verbis
545 364 794 420 deprecemur
834 359 1029 400 humiliter
1057 373 1064 396 ε

280 429 422 465 Poneme
438 421 539 477 juxta
552 436 582 461 te
596 452 604 466 ,
637 420 828 474 &cujusvis
850 433 964 457 mailros
982 428 1065 473 pug-

277 496 330 523 net
344 495 453 521 contra
473 496 521 518 me
532 481 544 518 Ι
575 495 647 519 nec
670 482 776 518 enim
800 475 952 516 difficile
974 481 1066 519 erit,

277 541 380 581 hanc
402 537 621 593 {ipuriffiincl
643 539 716 577 DF.
730 552 742 575 1
767 537 965 576 Genitrice
985 547 1067 588 gra-

278 602 373 639 tiam
385 596 559 637 obtinere
573 614 581 641 3
613 610 705 635 nam
718 596 808 634 cum
821 592 902 632 haec
913 590 991 631 sola
1007 605 1065 646 ty-

278 669 371 712 pum
386 668 491 711 gerat
499 653 606 694 fortis
621 652 718 693 illius
730 651 910 695 mulieris,
925 649 947 689 a
961 648 1066 690 Salo-

275 729 392 755 mone
402 726 483 753 tam
494 710 657 752 studiose
667 709 1067 764 quaefitae,inventae,ac

277 776 376 812 inter
392 770 465 811 alia
477 769 634 810 laudum
645 771 849 825 praeconia,
880 766 938 807 his
950 769 1066 805 etiam

277 830 399 871 verbis
412 828 558 868 ibidem
571 826 792 867 dilaudatae:
826 825 987 881 Cingulum
998 838 1067 862 tra-

277 887 360 928 didit
379 891 546 931 Cananaeo,
576 889 708 942 cinget
730 884 834 924 haud
854 881 969 923 dubie
984 911 995 928 ,
1027 887 1067 922 ὃς

278 949 486 1002 praecinget
506 959 615 984 renes
633 958 767 984 eorum
783 945 960 982 omnium
976 969 988 986 ‚
1018 939 1065 978 ad

276 1003 312 1044 se
338 1002 478 1045 devote
524 1004 798 1043 recurrentium
817 1029 827 1045 ‚
860 1001 924 1054 qui
953 996 1067 1037 instar

278 1064 485 1107 Cananaei‚
518 1064 583 1115 qui
626 1059 730 1099 Salax
765 1071 866 1102 erat,
898 1055 1067 1096 libidinis

277 1120 366 1161 aestu
386 1118 602 1176 flagrantes,
622 1119 699 1171 ejus
714 1130 831 1173 opem
844 1114 1066 1170 implorant,

278 1176 472 1234 ponetc‘jue
485 1175 735 1234 imposterum
759 1173 995 1215 immaculatam
1013 1173 1066 1214 ‘vi-

277 1253 331 1277 am
350 1250 495 1278 eorum..

105 449 256 476 c.17.v.3.

104 847 183 876 Prov.
196 856 240 882 31.

105 897 133 918 V.
145 899 191 924 24.

449 1358 485 1407 §.
507 1361 555 1402 2.
601 1345 895 1398 Authoritas.

317 1467 356 1513 S.
365 1466 506 1526 HVgo
525 1465 596 1508 De
611 1462 790 1510 SanCto
804 1462 1031 1513 VICtore‚

478 1535 602 1578 reaM
627 1534 861 1593 Ignorans.

278 1628 304 1654 1.
335 1615 441 1652 Beata
451 1611 546 1667 Virgo
550 1622 672 1667 pauper
682 1610 753 1664 fuit
768 1638 779 1655 ,
810 1608 936 1647 humilis
948 1635 959 1652 ,
991 1607 1063 1648 obe-

332 1670 442 1715 diens,
472 1671 580 1726 quieta
594 1697 605 1713 ,
636 1667 789 1718 modesta,
816 1665 955 1723 fimplex
972 1696 983 1713 ‚
1003 1666 1064 1721 sa-

327 1730 431 1786 piens,
449 1727 492 1768 ab
502 1727 626 1782 Angelo
642 1726 792 1765 nuntiata
801 1751 811 1768 ,
842 1725 876 1763 in
890 1739 977 1764 utero
987 1724 1067 1779 san-

331 1785 481 1840 ili'ficata.
511 1787 576 1825 De
599 1782 892 1840 proprietatibus
922 1788 962 1825 ὃς
978 1784 1067 1839 Epi-

333 1844 448 1885 thetis
460 1857 586 1883 rerum
599 1843 622 1882 l.
644 1856 681 1894 4.
702 1858 733 1882 c.
748 1859 776 1882 2.

276 1920 308 1944 2.
339 1905 381 1942 In
402 1902 498 1947 Coelo,
528 1901 632 1957 quala
645 1904 766 1946 Pater,
792 1898 871 1939 mla
883 1897 987 1939 Filius
997 1924 1008 1941 ,
1026 1906 1066 1941 &-

334 1962 366 2000 in
375 1959 463 1999 terra?
472 1989 483 2006 ‚
520 1959 623 2016 qualis
638 1960 777 2005 Mater,
808 1957 884 1996 talis
896 1960 931 1996 F
930 1957 1019 1998 ilius:
1033 1960 1067 1999 in

333 2018 410 2058 caelo
421 2047 431 2064 ‚
463 2019 566 2073 imago
579 2018 691 2056 Patris
702 2043 713 2060 ‚
743 2018 776 2056 in
796 2015 903 2059 terrei,
923 2016 1068 2056 imitator

333 2077 478 2117 Macra.
538 2074 704 2132 Apolog.
721 2075 769 2115 de
786 2073 903 2118 Verb.
920 2076 1064 2116 incarn.

332 2150 365 2174 c.
380 2149 411 2185 3.

275 2210 306 2246 3.
337 2193 422 2232 'Iota
432 2189 570 2247 pulchra
581 2190 636 2229 es!
652 2189 790 2246 pulchra
809 2205 841 2229 es
859 2188 961 2236 intas,
985 2190 1064 2247 pul-

332 2250 409 2290 ebra
416 2249 555 2304 essoris,
587 2247 671 2288 incias
682 2248 716 2288 in
727 2247 817 2289 corde
826 2274 837 2292 ‚
857 2248 945 2303 fhris
955 2249 987 2288 in
997 2265 1065 2289 cor-

325 2320 422 2366 pore,
454 2306 541 2346 imas
557 2305 732 2346 rubicunda
748 2335 759 2353 ‚
781 2306 869 2361 soris
903 2306 1040 2347 candida
1051 2333 1063 2351 ‚

329 2363 508 2407 rubicunda
524 2376 586 2422 per
605 2365 791 2405 charitatem
813 2393 824 2411 ,
855 2364 991 2404 candida
1003 2378 1063 2422 per

331 2425 527 2478 castitatem,
556 2436 678 2469 totum,
710 2422 795 2480 quod
814 2423 973 2479 inTbest,
989 2425 1066 2481 pul-

331 2483 440 2523 chrum
452 2481 512 2536 est,
543 2487 582 2523 εἷς’
601 2481 681 2520 nihil
698 2482 773 2534 inest
787 2480 897 2527 Tibi,
926 2481 1011 2538 quod
1018 2482 1065 2538 fic

324 2539 510 2597 sordidum,
528 2539 561 2578 in
575 2552 638 2578 toto
646 2541 757 2595 gratia
767 2569 777 2585 ‚
808 2541 841 2579 in
857 2539 939 2579 nullo
954 2542 1065 2597 ingra-

331 2613 391 2643 ta,
421 2599 457 2639 in
483 2611 547 2637 toto
564 2597 675 2654 places
698 2623 709 2640 ,
740 2598 773 2636 in
800 2598 883 2637 nullo
912 2597 1061 2657 displices.

334 2661 450 2700 Serm.
464 2671 497 2709 9.
516 2655 564 2696 de
575 2655 735 2701 institut.
747 2655 916 2697 Monast.

513 2778 555 2831 ἓ.
569 2781 612 2840 3.
646 2770 827 2833 Ratio.

343 2884 488 2928 Mater
534 2883 580 2927 D
597 2892 621 2922 Ε
642 2883 660 2926 I
683 2912 700 2931 ‚
748 2883 802 2926 In
831 2881 992 2929 CoeLo

545 2953 782 2997 eXaLtata.

105 1486 167 1544 37
170 1485 211 1544 3·

108 2886 173 2944 37
176 2890 228 2944 4·

399 3034 487 3072 Ater
501 3036 581 3075 Dm
597 3038 636 3074 in
658 3033 756 3074 terra
771 3033 903 3074 debuit
913 3032 984 3074 esse
1000 3048 1064 3074 ex-

279 3067 311 3132 l.
422 3089 556 3137 altata,
586 3092 692 3148 super
703 3108 838 3133 omnes
855 3106 1060 3132 creaturas:

279 3145 350 3188 Sed
365 3145 389 3188 fi
410 3146 491 3187 haec
505 3152 547 3190 in
560 3151 832 3207 Conceptione
855 3149 1063 3191 contraxis,

676 96 767 154 De
785 93 1073 170 Concepta
1098 91 1249 147 Sacra
1262 87 1511 165 [De-ipati,

1117 180 1168 221 set
1181 194 1380 237 peccatum
1399 179 1584 236 originale
1594 209 1606 225 ,
1637 179 1727 220 licet
1742 194 1830 221 ante
1843 195 1910 221 na·

1118 242 1308 279 tivitatem
1330 236 1451 278 fuisset
1479 237 1528 278 ab
1548 252 1595 278 eo
1615 236 1793 286 liberata,
1824 253 1907 279 non

1117 295 1239 337 fuisset
1251 295 1416 336 exaltata
1443 295 1550 352 super
1580 309 1717 336 omnes
1740 294 1908 338 omnino

1115 369 1321 395 creaturas:
1353 355 1455 410 Ergo
1482 352 1614 394 debuit
1633 353 1799 401 effessfine
1817 370 1906 410 pec-

1114 427 1201 454 cato
1234 425 1439 468 concepta.
1485 415 1582 453 Min.
1615 409 1783 452 constat:
1816 416 1905 466 quia

1116 474 1233 511 etiam
1257 469 1318 524 alij
1340 499 1352 517 ‚
1392 483 1434 511 ut
1472 473 1688 522 S.J0annes
1718 469 1905 525 Baptista,

1116 532 1298 581 Jeremias
1319 557 1328 574 ,
1358 518 1432 570 &Q
1466 528 1551 584 post
1572 530 1872 582 conceptionem
1893 557 1905 574 ,

1117 601 1206 627 ante
1232 589 1492 633 nativitatem,
1522 586 1676 627 fuerunt
1707 584 1856 625 liberati
1885 584 1908 626 ὲ

1120 659 1278 701 peccato
1289 643 1477 700 originali.
1537 646 1638 701 Ergo
1651 644 1676 684 fi
1687 645 1815 683 Mater
1826 646 1908 684 Dm

1120 706 1271 743 tantum
1297 717 1385 742 ante
1405 704 1662 746 Nativitatem
1678 699 1799 741 fuisset
1814 700 1908 742 libe-

1121 775 1199 801 rata
1211 760 1232 800 a
1241 774 1402 817 peccato
1416 790 1425 806 ,
1446 760 1550 816 supra
1563 760 1634 801 hos
1647 762 1801 801 Sanaos
1822 775 1905 800 non

1116 817 1237 858 fuiffet
1262 818 1438 863 exaltata.
1499 820 1591 872 Maj.
1612 817 1721 859 Prob.
1763 820 1843 873 Qi
1863 821 1904 859 in

1117 876 1233 917 Coelo
1246 877 1299 917 est
1315 876 1501 917 exaltatus
1513 906 1523 922 ‚
1544 881 1649 933 iuper
1668 890 1803 917 omnes
1823 891 1904 916 cre-

1117 949 1240 975 aturas
1255 963 1266 980 ,
1297 934 1423 974 multo
1446 934 1566 990 magis
1594 938 1634 975 in
1669 933 1766 975 terra
1789 933 1905 975 debet

1117 991 1188 1033 elle
1199 993 1305 1048 super
1314 1007 1375 1032 eas
1397 992 1581 1033 exaltatus
1597 1009 1607 1032 .·
1638 993 1711 1034 Sed
1724 995 1765 1035 B.
1782 995 1904 1049 Virgo

1115 1055 1156 1092 in
1168 1051 1277 1093 Caelo
1289 1050 1359 1091 fuit
1371 1050 1536 1091 exaltata
1546 1050 1651 1106 super
1665 1066 1800 1091 omnes
1825 1067 1906 1091 cre-

1120 1123 1241 1149 aturas
1253 1139 1262 1155 ,
1276 1111 1380 1163 juxta
1393 1122 1568 1148 mentem
1580 1108 1766 1154 Ecclefiae,
1779 1111 1818 1148 in
1835 1112 1903 1149 Fe-

1117 1167 1175 1208 sto
1197 1170 1379 1223 Affiimpt.
1417 1167 1585 1206 Exaltata
1598 1167 1751 1221 iflfimila
1765 1168 1828 1205 Dei
1840 1171 1904 1207 Ge-

1117 1226 1221 1265 nitrix
1232 1230 1328 1286 ficper
1358 1225 1464 1265 choros
1484 1224 1683 1280 Angelorum
1702 1223 1746 1263 ad
1771 1226 1905 1280 Caelestia

1112 1301 1219 1340 regna.
1280 1286 1404 1340 Ergo,
1433 1289 1506 1324 &a
1547 1285 1648 1323 Min.
1663 1282 1773 1323 Prob.
1807 1285 1904 1324 Gra-

1119 1343 1189 1382 dus
1198 1341 1329 1398 gloriae
1344 1345 1383 1381 in
1398 1340 1520 1382 Patria
1540 1340 1812 1396 correspondet
1824 1356 1905 1398 gra-

1117 1401 1180 1440 dui
1195 1403 1322 1456 gratiae
1341 1403 1381 1439 in
1406 1399 1487 1444 vizi,
1518 1401 1620 1452 juxta
1633 1399 1726 1438 illud
1750 1399 1838 1439 Pffil.
1854 1404 1904 1451 83.

1118 1461 1270 1498 Gratiam
1292 1483 1303 1500 ,
1355 1466 1393 1500 &⁴
1436 1458 1572 1513 gloriam
1611 1456 1700 1495 dabit
1739 1458 1904 1496 Dominus.

1116 1517 1222 1571 quod
1249 1518 1367 1555 etiam
1416 1515 1622 1555 confirmat
1652 1519 1686 1555 S.
1713 1516 1907 1571 Hierony-

1116 1590 1199 1615 mus
1226 1576 1266 1613 in
1286 1577 1404 1614 Serm.
1426 1573 1474 1613 ad
1491 1573 1669 1615 Eustoch.
1715 1574 1803 1629 Qia
1813 1573 1853 1627 fic
1876 1589 1908 1613 er

1118 1647 1224 1672 omnes
1239 1631 1344 1670 choros
1355 1631 1552 1686 Angelorum
1562 1631 1594 1669 in
1607 1631 1719 1682 Caelfssl
1736 1632 1839 1685 gloria
1849 1647 1908 1670 ex-

1119 1691 1227 1730 altata
1243 1718 1253 1735 ,
1276 1688 1402 1744 fignum
1411 1689 1468 1734 est,
1503 1690 1599 1727 etiam
1608 1689 1640 1726 in
1656 1687 1908 1744 terrv'ssuiffi’su-

1112 1761 1173 1806 per
1184 1763 1288 1793 omnes
1297 1747 1381 1788 alios
1399 1745 1550 1803 ingratia*
1561 1745 1750 1785 exaltatam.
1784 1747 1904 1802 Ergo,

1115 1813 1191 1850 ἃς.

1327 1903 1365 1954 ς.
1382 1910 1432 1964 4.
1468 1895 1700 1967 Historia.

1151 1978 1352 2054 DaeMon
1374 2040 1389 2059 ,
1424 2007 1605 2055 NoblLI
1643 2022 1758 2056 Hero
1776 2013 1870 2057 sVo
1932 1999 2042 2071 375,

1241 2081 1425 2126 noCere
1449 2092 1549 2125 non
1571 2083 1771 2127 VaLens.

1222 2163 1313 2202 Erus
1346 2163 1502 2217 quidam
1525 2163 1680 2205 Nobilis
1706 2194 1716 2211 ‚
1747 2170 1904 2221 permit-

1245 2234 1350 2261 tente
1372 2222 1419 2261 fic
1431 2224 1606 2263 Numine
1617 2252 1629 2270 ,
1655 2221 1801 2264 servum
1816 2223 1903 2264 lon·

1111 2291 1163 2332 go
1176 2291 1350 2335 tempore
1359 2279 1526 2321 habebat
1536 2280 1655 2337 ipsum
1666 2281 1901 2329 daemonem,

1113 2334 1178 2376 iub
1192 2337 1364 2379 hominis
1375 2337 1514 2394 specie,
1545 2339 1753 2380 fideliffime
1765 2340 1831 2380 sibi
1848 2341 1901 2381 sa·

1113 2394 1328 2437 mulantem
1349 2425 1361 2443 ,
1391 2396 1454 2437 sed
1481 2411 1627 2454 magno
1651 2401 1806 2439 interim
1825 2398 1900 2440 stu-

1114 2452 1202 2500 dio,
1235 2468 1276 2495 ut
1290 2456 1512 2497 Dominum
1532 2456 1636 2498 suum
1649 2457 1806 2513 perdere
1819 2487 1828 2503 ,
1855 2473 1899 2498 ac

1113 2515 1300 2552 aeternum
1331 2513 1397 2554 fibi
1426 2518 1647 2570 mancipare
1669 2514 1809 2570 pollet,
1840 2518 1898 2555 in-

1112 2583 1274 2611 tentum.
1334 2571 1479 2612 Placuit
1501 2587 1628 2613 autem
1651 2576 1805 2615 Divinae
1825 2577 1897 2613 rni-

1111 2627 1322 2670 lericordiae
1336 2659 1348 2676 ,
1376 2630 1470 2671 illud
1484 2630 1625 2686 ipsum,
1657 2634 1697 2670 in
1711 2645 1788 2685 quo
1810 2633 1898 2672 No-

1111 2685 1197 2726 bilis
1210 2686 1442 2734 versabatur,
1473 2688 1683 2744 periculum
1720 2691 1786 2744 pio
1821 2693 1900 2730 cui-

1112 2744 1202 2784 dam
1217 2774 1226 2790 ‚
1257 2760 1300 2785 ac
1316 2761 1467 2803 magnae
1486 2749 1698 2788 Sanstitatis
1711 2745 1900 2804 Episcopo

1111 2802 1350 2843 manifestare
1365 2832 1376 2850 ‚
1411 2807 1478 2859 qui
1501 2819 1596 2845 mox
1616 2804 1781 2846 domum
1792 2805 1902 2848 illam

1111 2861 1321 2904 accedens>
1349 2864 1499 2904 Patrem
1508 2862 1669 2904 familias
1685 2863 1809 2905 invisit
1826 2894 1836 2911 ‚
1856 2880 1900 2906 ac

1110 2918 1200 2959 data
1216 2919 1415 2961 occasione
1427 2950 1437 2967 ,
1469 2920 1517 2962 de
1530 2920 1720 2964 servorum
1731 2937 1901 2977 quorun-

1112 2976 1205 3017 dam
1218 2976 1414 3025 fidelitate,
1431 2979 1632 3021 discursum
1648 2983 1793 3035 incipit.
1818 2980 1898 3021 Hic

1112 3034 1265 3076 summis
1290 3035 1381 3079 servi
1402 3035 1455 3078 sui
1473 3037 1698 3079 fidelitatem
1727 3038 1897 3079 laudibus

1113 3095 1239 3134 Herus
1252 3094 1435 3136 extollere
1450 3126 1460 3142 ,
1482 3112 1526 3137 ac
1540 3112 1623 3152 quae
1634 3096 1699 3137 fibi
1714 3095 1894 3138 hactenus

1112 3150 1258 3194 servitia
1296 3153 1480 3196 indefessa
1514 3154 1714 3212 diligentia
1751 3154 1891 3210 praesti-

1751 3211 1858 3258 tisset,
