2159 3508
658 86 976 169 Conceptus

1055 81 1352 147 LXXVIII.
1701 92 1803 154 269

218 182 396 229 affectum
410 216 421 234 ‚
437 183 645 244 plurimum
656 188 1002 229 commendandus.
1050 183 1073 224 ὲ
1084 184 1118 223 se
1135 182 1312 240 plantatae
1327 184 1467 228 vine&
1493 193 1567 237 prae
1590 181 1743 237 reliquis
1759 180 1836 236 spe*

64 1175 190 1233 544·

84 2553 149 2593 ¹0¹4ss
162 2563 233 2588 ως.

87 2971 207 3028 545·

222 246 286 286 hic
297 249 506 292 e11im,cinn
519 246 649 287 amissa
659 243 837 287 audiendi
848 245 1004 287 faculta-

224 317 275 350 te,
292 305 529 361 perlongum
538 308 719 361 temporis
731 304 890 360 spatium
903 333 914 350 ,
930 303 1004 344 sur-

225 362 294 402 dus
319 361 495 404 extitisset
517 393 527 409 ‚
558 363 606 403 ad
625 363 852 418 puriffimam
875 361 1004 403 Siloen

228 422 420 464 Mamm,
440 421 589 462 devotis
601 449 611 466 ,
623 435 666 460 ac
677 421 910 474 quotidianis
922 435 1006 475 pre-

226 478 332 520 cibus
362 478 585 520 fiducialiter
611 493 830 524 accurrens,
861 481 902 517 in
928 475 1006 534 ipso

229 535 485 578 Immaculatae
495 539 775 592 Conceptionis
786 534 985 591 pervigilio
997 565 1007 581 ‚

230 595 399 648 ejusdem
413 593 564 651 potenti
579 594 838 634 interceffione
850 623 861 639 ,
891 593 1012 650 pristi-

230 668 325 693 num
333 655 569 708 'recuperavit
589 652 761 692 auditum
773 681 782 697 ,
811 665 852 691 ut
867 655 928 691 cui
945 651 1013 691 ha-

231 713 362 751 &enus
391 709 446 750 nil
478 708 600 766 magis
625 713 666 750 in
687 709 831 764 delicijs
859 708 979 750 fuerat
1000 739 1011 755 ,

229 767 348 823 quam
394 768 442 809 de
485 771 662 824 Virgine·
687 767 778 824 pure
823 767 1014 823 concepta

230 826 359 867 audire
377 825 598 880 loquentes,
626 824 817 882 Spirituali
828 825 903 866 hoc
924 840 1014 882 gau-

232 885 298 925 dio
310 899 391 925 non
402 882 498 926 ultra
509 888 724 940 privaretur.
758 884 897 941 Philipp.
909 885 1015 941 Kisi’l.

231 943 264 983 in
275 942 435 1002 appendic.
447 959 476 982 2.
486 947 532 982 ad
540 943 624 983 Alw.
644 946 727 983 Cent.
739 959 771 988 9.
792 945 873 989 Dec,
887 959 920 985 2.

433 1063 474 1116 ξ.
488 1070 534 1122 5.
566 1057 839 1133 symbolum.

305 1178 492 1224 nVLLo
540 1174 563 1220 f
567 1177 781 1222 VLMIne
838 1172 955 1223 Laesa

523 1248 734 1307 Delpara.

601 1939 607 1940 ἦ
680 1973 781 2067 ,ιῆιιωιὶεω
796 1973 855 2039 liii
942 1991 1001 2047 2<

294 2493 400 2523 Plinius
414 2490 562 2529 indiguam
585 2486 675 2516 censet
688 2486 825 2515 libamine
846 2487 950 2521 vitem,v

335 2535 405 2572 Qae
422 2531 484 2560 diro
499 2529 639 2570 quondam
656 2527 777 2557 fulmine
793 2529 852 2557 laesa
868 2530 935 2560 fuit.

295 2574 429 2606 Numinis
442 2572 508 2601 hine
521 2570 649 2599 Genittix
658 2578 740 2597 tanto
751 2579 837 2609 neque
847 2570 932 2609 digna
945 2568 1034 2600 fuiffet

337 2617 456 2646 Munere
470 2631 478 2642 .
504 2613 524 2641 fi
542 2612 632 2651 ptimo
645 2609 764 2639 fulmine
785 2611 847 2639 laesa
867 2610 950 2641 foret.

295 2696 358 2725 Noli
375 2695 466 2732 offirre
488 2700 604 2721 mnnera
621 2698 713 2728 prava
720 2702 732 2722 ;
755 2699 811 2718 non
834 2691 1042 2732 enimfiafiipiet

255 2739 312 2769 issa.
352 2736 435 2766 Eccli.
449 2743 531 2771 c.35.
554 2740 634 2772 v.34·

415 2841 452 2889 §.
479 2831 531 2883 6.
573 2828 869 2903 Antiquitas.

340 2931 505 2977 anCaeI
526 2932 690 2989 Magna
708 2929 866 2977 CVra,
904 2927 977 2971 De

563 2990 728 3043 Vlnea.

378 3087 407 3125 E
425 3087 588 3127 Ancaeo,
615 3082 813 3136 Neptuni,
853 3094 894 3120 ut
912 3083 1019 3120 aiunt
1034 3109 1045 3126 ,

1051 241 1180 287 ciosae,
1210 240 1309 280 adeo
1321 238 1424 280 fuiss'e
1435 238 1631 286 affectum,
1663 254 1703 281 ut
1717 242 1838 280 maxi-

1051 314 1157 339 mam
1176 299 1223 339 de
1232 297 1277 338 ea
1286 313 1414 338 curam
1425 296 1571 354 gefferit
1585 328 1595 344 ‚
1623 298 1740 353 irique
1751 312 1839 338 eam

1053 356 1171 402 nulli,
1196 354 1439 410 quantumvis
1465 360 1611 402 amico,
1643 363 1682 398 &
1703 354 1841 396 famili-

1054 418 1130 460 ari,
1153 415 1299 455 aditum
1323 413 1539 470 permiserit„
1572 417 1723 459 verum,
1750 416 1843 453 cum

1057 472 1204 527 aliquot
1223 487 1270 512 ex
1288 471 1352 511 illa
1373 471 1504 513 botros
1533 487 1699 512 maturos
1719 486 1845 526 quon-

1058 531 1149 572 dam
1199 528 1453 585 decerpsisset,
1486 530 1651 584 indeque
1680 531 1844 570 domum

1059 587 1221 628 reversus
1242 616 1253 633 ,
1286 600 1471 627 craterem
1507 603 1596 627 cum
1629 591 1720 627 vino
1741 617 1752 633 ,
1797 600 1845 626 ex

1061 649 1141 687 uvis
1163 644 1235 685 illis
1253 644 1435 701 expreffo,
1459 645 1566 699 labijs
1596 642 1820 686 admoviffet
1834 673 1847 690 ,

1062 706 1280 759 repentinus
1299 703 1514 759 supervenit
1532 707 1706 748 nuntius,
1735 707 1770 743 ei
1791 707 1850 742 in-

1062 763 1236 807 sinuans,
1269 764 1414 817 Aprum
1442 762 1637 816 quendam
1664 775 1852 817 praegran-

1064 821 1155 860 dem
1172 823 1212 859 in
1223 822 1389 862 Vineam
1405 818 1510 859 illam
1520 818 1722 875 ingreffum
1737 848 1746 864 ,
1763 833 1853 858 ean-

1064 879 1156 919 dem
1167 877 1270 918 haud
1282 877 1396 917 dubie
1419 876 1589 918 totaliter
1600 877 1854 933 depasturum,

1067 952 1110 977 ac
1130 935 1422 977 devastaturum.
1454 950 1567 990 quare
1590 939 1771 978 Ancaeus,
1801 938 1857 976 vi-

1067 1010 1123 1036 no
1136 993 1313 1035 nondum
1337 993 1487 1050 gustato
1502 1023 1511 1039 ,
1535 993 1718 1049 scyphum
1738 1008 1857 1047 quan-

1071 1055 1205 1109 tocyus
1231 1051 1251 1092 ὲ
1275 1067 1394 1092 manu
1413 1052 1596 1108 seponens
1612 1081 1621 1097 ,
1653 1066 1694 1091 ut
1714 1052 1861 1091 damno

1074 1112 1122 1153 ab
1142 1112 1214 1151 hac
1242 1110 1320 1150 fera
1339 1110 1542 1150 inferendo
1564 1125 1753 1150 maturum
1770 1107 1863 1165 ipse-

1074 1183 1157 1210 met
1180 1165 1327 1209 afferret
1349 1168 1561 1209 remedium
1588 1198 1597 1214 ‚
1635 1169 1683 1209 acl
1709 1171 1863 1208 vineam

1075 1228 1262 1270 velociter
1291 1230 1454 1267 accurrit
1470 1252 1482 1269 ‚
1512 1225 1577 1266 ubi
1598 1226 1619 1266 21
1643 1226 1720 1266 fera
1740 1225 1864 1266 infeli-

1078 1290 1173 1327 citer
1191 1284 1442 1341 apprehensus
1468 1314 1478 1330 ‚
1519 1283 1740 1330 dilaniatus,
1771 1299 1867 1324 mox

1079 1351 1120 1387 &
1136 1343 1278 1384 occisus
1303 1343 1385 1384 fuit.
1443 1342 1594 1397 Ambroſs
1612 1343 1715 1398 Episc.
1742 1345 1866 1382 Lame-

1079 1418 1142 1442 cen.
1145 1402 1212 1456 fier.
1224 1418 1256 1446 4.
1265 1402 1340 1457 post.
1356 1402 1450 1440 Dom.
1463 1417 1495 1445 4.
1509 1400 1614 1458 Qad.
1621 1402 1682 1454 fhl.
1696 1418 1771 1445 245.

1167 1462 1335 1501 Vineam
1351 1457 1466 1503 fulde,
1478 1458 1525 1498 ab
1538 1458 1615 1514 ipsa
1638 1460 1729 1498 DEI
1740 1461 1868 1498 omni-

1080 1520 1247 1573 potentis
1267 1532 1384 1556 manu
1399 1515 1611 1572 plantatam
1625 1545 1634 1561 ,
1666 1530 1789 1556 totam
1799 1517 1869 1556 hu-

1081 1590 1240 1616 manam
1267 1589 1442 1615 naturam
1458 1604 1468 1620 ‚
1498 1588 1631 1630 utpote
1655 1578 1693 1614 in
1716 1574 1868 1614 Paradi-

1083 1632 1122 1674 so
1138 1632 1397 1690 perfe&iffime
1417 1632 1465 1672 ab
1496 1632 1564 1672 illo
1591 1646 1831 1688 procreatam
1854 1658 1868 1677 ‚

1082 1706 1203 1733 nemo
1224 1690 1279 1732 est
1300 1717 1311 1734 ‚
1348 1694 1414 1745 qui
1451 1690 1624 1731 dubitet:
1654 1705 1827 1731 attamen
1856 1720 1868 1736 ,

1083 1750 1190 1804 quod
1221 1748 1413 1790 summum
1449 1749 1517 1804 ipsi
1539 1748 1716 1789 dolorem
1738 1747 1869 1789 affere-

1082 1806 1149 1848 bat
1167 1837 1177 1853 ,
1214 1807 1416 1864 Expeffz‘awit
1428 1835 1439 1852 ‚
1462 1802 1623 1862 utfa'ceret
1635 1820 1715 1846 unus
1729 1836 1740 1852 ‚
1772 1807 1869 1862 &fb-

1081 1867 1125 1905 cit
1144 1864 1296 1921 labrufias
1323 1864 1419 1905 Isaiae
1432 1880 1462 1905 c.
1478 1880 1504 1918 5.
1539 1881 1571 1906 v.
1586 1880 1615 1916 5.
1647 1864 1765 1921 ipsum
1785 1865 1868 1905 feli-

1079 1924 1266 1965 ciffimum
1281 1926 1515 1964 innocentiae
1526 1922 1663 1963 statum
1676 1953 1684 1967 ,
1704 1938 1768 1979 per
1779 1939 1868 1979 pec-

1079 1987 1155 2023 cati
1180 1980 1374 2039 originalis
1395 1984 1701 2022 contractionem
1718 2011 1727 2027 ,
1760 1981 1868 2022 mise-

1029 2055 1033 2061 *
1078 2040 1141 2087 re,
1169 2056 1213 2081 ac
1242 2039 1466 2097 praemature
1502 2039 1772 2096 deperdendo:
1803 2040 1869 2080 de-

1077 2098 1248 2141 vastante
1289 2101 1472 2139 nimirum
1515 2101 1648 2138 omnia
1693 2097 1871 2139 infernali

1080 2173 1195 2215 apro,
1219 2163 1292 2200 &o
1339 2159 1389 2198 At
1418 2155 1510 2197 vero
1540 2156 1750 2196 Beatiffima
1782 2160 1869 2198 Vir-

1084 2232 1136 2274 go
1158 2221 1221 2266 (ut
1260 2215 1365 2271 supra
1421 2222 1452 2265 §.
1472 2231 1496 2254 1.
1529 2215 1715 2264 vidimus)
1745 2215 1868 2255 modo

1085 2274 1259 2330 quodam
1266 2272 1536 2330 specialissimo,
1549 2274 1660 2313 Vinea
1669 2275 1761 2327 saffa
1772 2274 1811 2327 est
1821 2272 1872 2313 di-

1086 2334 1162 2373 lefio
1171 2362 1181 2379 ,
1210 2335 1282 2376 cui,
1293 2346 1424 2388 utpote
1436 2347 1511 2388 prae
1524 2331 1673 2386 reliquis
1691 2330 1873 2387 speciosae,

1086 2391 1186 2433 adeo
1206 2390 1276 2432 fuit
1296 2388 1427 2431 affecta
1442 2392 1590 2431 Divina
1605 2389 1800 2443 Majestas‚
1831 2403 1873 2431 ut

1089 2453 1299 2490 maximam
1316 2452 1356 2489 in
1382 2449 1421 2489 id
1437 2463 1568 2489 curam
1597 2448 1828 2504 impenderit
1859 2477 1870 2493 ,

1091 2523 1141 2548 ne
1161 2510 1343 2562 cuiquam
1358 2533 1369 2550 2
1400 2506 1563 2563 serpenti
1579 2505 1780 2562 praesertim
1814 2509 1871 2545 in-

1090 2565 1245 2610 fernali,
1274 2581 1340 2622 per
1356 2579 1578 2622 peccatum,
1594 2565 1715 2605 aditus
1736 2568 1776 2604 in
1788 2579 1874 2604 eam

1091 2624 1297 2682 patesceret
1326 2642 1336 2670 ·,
1366 2639 1412 2664 ea
1447 2637 1623 2680 propter,
1654 2622 1746 2663 dum
1766 2636 1879 2663 tarta-

1091 2698 1198 2724 reum
1223 2685 1426 2722 inimicum
1449 2681 1560 2722 omni*
1581 2681 1737 2735 quidem
1758 2680 1882 2720 modo

1094 2745 1136 2782 in
1151 2741 1191 2781 id
1203 2744 1398 2781 intentum
1422 2739 1687 2796 cognosceret,
1717 2751 1758 2778 ut
1771 2738 1879 2780 &di-

1097 2799 1235 2841 lenam
1255 2799 1356 2839 hanc
1368 2802 1522 2840 vineam
1542 2796 1742 2837 crudeliter
1761 2796 1878 2852 depa-

1095 2857 1213 2904 scere,
1244 2871 1288 2897 ac
1301 2856 1492 2898 devastare
1505 2854 1646 2896 valeret
1660 2883 1668 2899 ‚
1687 2867 1881 2894 maturum

1096 2914 1227 2957 afferre
1238 2915 1451 2955 remedium
1473 2928 1555 2952 non
1573 2912 1794 2958 intermisit,
1826 2926 1882 2952 at-.

1096 2989 1171 3028 que
1183 3003 1193 3019 ,
1225 2987 1275 3013 ne
1287 2972 1475 3012 damnum
1488 2969 1535 3010 ab
1546 2968 1724 3025 originali
1734 2972 1882 3011 Mum

1095 3043 1309 3087 pateretur,
1342 3027 1551 3081 antequam
1589 3027 1748 3068 calicem
1778 3028 1883 3084 paffi—

1094 3093 1180 3129 onis
1218 3089 1303 3127 aaa
1340 3083 1585 3142 degustasset‚
1626 3085 1675 3125 ad
1715 3100 1885 3127 amatam

407 3141 487 3185 filio
508 3138 742 3180 recenstmr:
773 3152 863 3180 eum
891 3138 1046 3192 cuidam
1094 3144 1196 3185 hanc
1212 3147 1366 3184 vineam
1396 3142 1578 3187 velociter
1624 3147 1807 3188 accurrit,
1833 3146 1885 3184 ita

1167 3204 1200 3243 L
1219 3199 1232 3240 l
1262 3215 1280 3251 3
1774 3216 1859 3256 qui-
