2159 3508
57 893 194 924 Thremc.

55 948 83 972 4.
101 946 124 964 v.
141 940 168 966 8.

55 1529 175 1570 PIaL41·

56 1582 82 1601 v.
102 1576 130 1604 8.

55 1747 186 1780 Proverb.

60 1801 74 1822 1
80 1796 106 1822 8.
113 1801 141 1820 v.
152 1798 176 1826 3.

810 110 1133 191 Conceptus
1213 110 1398 170 LXIII.
1725 128 1818 182 213

210 199 374 246 ebenus,
415 205 454 241 in
487 216 566 258 cap.
593 200 726 241 Nonne.
759 200 939 242 Distinet.
963 214 1015 253 37.

229 260 401 316 expreffis
412 259 633 306 verbis,n0n
644 259 801 300 obscure
814 259 1018 315 colligitur5

230 320 296 359 Ait
322 321 428 359 enim
453 322 550 359 inter
567 317 656 358 alias
675 318 786 374 Abyffi
822 317 1020 373 explicati-

231 391 345 422 ones,
377 392 465 417 eam
504 377 581 417 dici
607 374 708 432 posse
740 376 788 416 ab
819 378 880 421 A,
913 373 1020 429 quod

231 434 339 475 idem
350 435 425 481 est,
456 450 500 476 ac
516 437 608 480 Sine,
643 440 683 476 &
703 433 726 474 a
740 433 860 474 verbo
883 431 997 488 Byffics
1010 461 1020 476 ,

233 493 340 548 quod
359 507 478 551 genus
495 492 695 548 quoddam
719 492 788 531 lini
808 490 1022 531 candidissi-

231 555 286 592 mi
298 552 483 608 fignificat
500 567 508 589 :
534 565 582 590 ex
599 565 677 604 quo
693 549 892 606 ingeniose
905 548 1026 588 dedu-

231 613 296 657 cit,
329 610 434 650 idem
445 607 516 649 effe
525 607 680 664 Abyfficm
691 635 701 651 ‚
715 607 821 662 quod
828 606 897 662 fine
908 605 1000 662 Byfflz
1010 634 1021 651 ,

230 668 289 710 stu
303 668 370 725 fine
392 666 533 707 candore.
595 669 689 721 Qo
708 665 915 722 supposito,
937 663 1024 720 apte

229 725 402 784 profecto
419 740 484 781 per
500 723 655 780 Abyfficm
683 723 907 780 intelligitur
941 727 1024 763 Pec-

229 800 335 825 catum
354 811 365 828 ‚
397 784 502 838 quod
521 782 689 824 candore
711 785 869 823 Divinae
896 785 1024 838 gratiae

229 847 401 884 animam
431 845 554 898 privat
571 870 581 887 ‚
610 847 650 883 δε
679 844 832 897 nigram
862 840 989 880 reddit
1011 869 1023 886 ,

227 903 333 957 juxta
344 899 437 941 illud
452 903 626 951 Jeremiae
647 916 654 937 τ
684 901 867 956 Dcnigrata
882 900 920 952 est
930 898 970 954 [ιί
992 915 1026 938 er

230 959 380 1000 carbones
418 959 521 1014 facies
548 975 666 997 eorum.
729 957 850 1013 Qod
878 957 902 997 fi
931 957 1024 998 verb

230 1018 417 1075 expositio
446 1017 529 1057 haec
548 1016 719 1071 aliquam
746 1015 897 1057 fortasse
913 1019 1024 1057 novi-

219 1091 351 1118 tatem
362 1075 534 1116 redolere
547 1079 614 1116 uni
642 1075 799 1116 alterive
818 1075 991 1116 videatur
1013 1104 1023 1120 ‚

229 1135 352 1192 eaque
378 1134 606 1191 praeplaceat
625 1163 635 1179 ‚
666 1133 742 1188 qua
762 1136 1026 1174 communiter

229 1192 369 1251 Abffss
379 1209 449 1249 pro
463 1193 613 1233 infinita
626 1192 726 1247 quasi
735 1206 918 1247 aquarum
930 1207 1025 1232 con-

230 1257 345 1310 gerie,
365 1251 506 1307 absque
523 1252 644 1292 fundo
654 1254 850 1307 accipitur,
864 1249 1026 1307 idiplum

230 1326 314 1352 non
331 1315 457 1351 minus
481 1309 654 1367 praelenti
669 1308 769 1350 favet
781 1311 1003 1364 Conceptui
1015 1338 1026 1354 ‚

230 1368 412 1425 Abyffum
452 1384 541 1409 cum
576 1381 738 1424 peccato
770 1367 990 1407 conferenti
1015 1383 1024 1406 :

233 1428 326 1483 quid
341 1430 449 1466 emm
471 1427 571 1466 aliud
588 1429 730 1481 Regius
746 1425 938 1480 propheta
958 1439 1026 1481 per

234 1484 392 1542 Abyffiaem
411 1483 592 1540 intelligit
607 1511 616 1526 ‚
656 1482 776 1538 quam
803 1495 968 1540 peccatum
1001 1482 1026 1521 ,Ρ

236 1545 331 1585 dum
376 1548 428 1584 ait
452 1559 459 1580 ε
497 1542 637 1600 Abyſjus
674 1540 815 1598 abyfficm
859 1543 992 1581 invocat
1015 1557 1023 1581 :

235 1603 481 1659 quodutique
493 1602 597 1642 idem
609 1599 686 1646 est,
717 1600 921 1640 aedicere:
954 1603 1027 1639 im-

228 1665 318 1720 ‘pius
337 1661 385 1702 de
397 1674 559 1717 peccato
575 1663 616 1700 in
636 1673 840 1715 peccatum
858 1658 1028 1714 prolabi-

234 1735 308 1767 tur,
337 1720 420 1761 imo
441 1719 508 1760 ciam
519 1720 553 1759 in
569 1716 764 1775 profhndum
782 1718 910 1758 venerit
922 1743 934 1762 2
955 1732 1028 1757 con-

232 1779 354 1820 temnit.

319 1839 364 1878 In
395 1837 462 1877 has
495 1838 609 1893 igitur
639 1834 776 1892 Abyſjbs
798 1863 808 1880 ,
849 1832 1026 1890 quamvls

232 1900 360 1938 omnis
372 1896 512 1936 Adami
525 1897 726 1951 progenies
736 1923 748 1941 ‚
772 1906 858 1934 tum
874 1908 942 1949 per
954 1907 1026 1933 no-

231 1970 323 1996 xam
355 1953 585 2010 originalem
606 1980 618 1997 ‚
655 1966 740 1994 tum
774 1966 840 2009 per
867 1951 1027 1992 actualia

233 2029 393 2070 peccata
429 2010 605 2067 quotidie
635 2011 804 2056 labatur,
837 2013 1027 2055 :eternum

234 2071 338 2113 certe
353 2070 576 2112 damnanda
590 2100 602 2117 ,
638 2070 708 2111 nisi
728 2071 889 2111 DEUM
898 2070 1028 2110 homi-

235 2145 327 2171 nem
337 2130 403 2170 fibi
416 2129 661 2171 liberatorem
673 2159 684 2176 ‚
706 2143 790 2169 tum
805 2143 871 2184 per
879 2131 1026 2185 Baptis-

234 2192 290 2229 mi
322 2189 464 2235 undas,
492 2202 575 2229 tum
605 2203 671 2244 per
698 2189 941 2229 Poenitentiae
970 2186 1026 2229 la-

232 2248 411 2304 chrymas
445 2247 698 2293 reconciliet,
727 2260 860 2287 tamen
889 2245 1027 2287 Beatis-

231 2307 324 2347 fima
338 2309 519 2347 Numinis
531 2308 711 2347 Genitrix
736 2318 970 2360 conceptam
992 2305 1028 2346 st.

232 2364 419 2421 gloriatur
454 2379 543 2405 ante
587 2362 732 2420 abyssos
751 2393 764 2412 ‚
805 2364 974 2405 dicendo
1015 2379 1025 2402 z

232 2424 390 2463 Nondicm
402 2438 493 2463 erant
504 2423 616 2479 abyffi,
648 2431 687 2465 (9·
718 2439 772 2479 ego
788 2424 860 2477 jam
878 2434 1026 2480 concepta

230 2499 317 2522 eram
333 2513 342 2529 ‚
369 2482 417 2522 eo
429 2480 534 2537 quod
549 2480 759 2536 antequam
774 2484 815 2520 in
831 2480 913 2522 illas
923 2484 1022 2522 inci-

230 2541 360 2584 deret,
395 2542 472 2595 jam
495 2540 644 2581 Divina
671 2553 865 2596 praeventa
875 2540 1019 2597 gratia,

230 2615 299 2656 per
316 2600 483 2640 eandem
495 2598 607 2640 fuerit
630 2598 678 2640 ab
696 2601 807 2640 omni
829 2613 991 2655 peccato
1011 2627 1022 2644 ‚

230 2672 315 2699 tum
351 2657 552 2715 originali,
588 2672 672 2699 tum
701 2657 841 2699 aetuali
872 2661 1025 2714 penitus

231 2715 473 2772 praeservata2
502 2715 731 2763 &liberata,
762 2714 888 2772 ficque
900 2716 1025 2773 fingu-

231 2774 358 2815 lariter
380 2789 590 2832 concepta,
634 2789 677 2816 ut
702 2774 799 2832 abyffi
819 2774 928 2816 nullo
953 2790 1024 2816 un-

232 2847 350 2888 quam
365 2848 571 2874 momento
595 2833 740 2889 aliquid
767 2836 855 2889 juris
878 2837 920 2875 in
935 2849 1025 2876 eam

230 2891 298 2931 fibi
313 2892 516 2932 vendicare
546 2896 754 2948 potuerint.
812 2895 932 2934 Aiunt
957 2899 1023 2946 Ju-

232 2952 393 3006 risperiti
409 2978 420 2995 ,
451 2953 670 3005 negativam
692 2954 900 3007 partemin
925 2967 1023 2993 con-

231 3007 415 3062 troverfijs
427 3007 590 3048 difficilis
611 3009 828 3050 admodum
845 3008 918 3050 effe
935 3025 1026 3067 pro-

231 3067 417 3113 bationi53
439 3065 542 3107 unde
558 3066 636 3108 hoc
654 3067 889 3124 potiffimum
899 3067 1023 3125 super⁴

231 3126 285 3166 est
311 3126 547 3171 remedium,
578 3138 620 3166 ut
643 3126 834 3167 accussttus
853 3126 992 3182 probet
1009 3148 1038 3175 ,*

228 3188 319 3226 cnm
330 3183 513 3226 delictum
523 3182 589 3225 fibi
602 3184 821 3242 impositum
832 3197 1024 3242 patratum

1067 199 1138 240 fuit
1150 229 1159 244 ,
1195 200 1313 257 longe
1334 202 1368 241 ie
1380 199 1427 240 ab
1439 215 1487 241 eo
1502 199 1594 241 loco
1606 214 1698 241 tunc
1712 215 1864 256 tempo-

1067 257 1286 299 risa-bfuiffe.
1346 261 1444 299 Non
1466 259 1690 299 diffimiliter
1713 261 1751 297 in
1774 274 1861 314 pro-

1069 316 1190 371 posito
1214 317 1344 357 nostro
1365 331 1559 373 conceptu
1584 346 1594 362 ,
1645 320 1735 356 cum
1760 332 1863 357 mors

1070 378 1218 430 peccati
1252 374 1448 431 originalis
1469 391 1516 416 ex
1541 375 1707 418 Adamo,
1738 379 1864 431 primo

1071 446 1228 488 parente
1244 434 1378 474 nostro
1402 448 1530 474 ortum
1553 433 1750 479 habuerit,
1779 448 1865 474 om-

1075 490 1186 530 nibus
1202 493 1280 544 ejus
1310 492 1395 545 filijs
1411 507 1478 548 per
1497 491 1711 533 naturalem
1730 507 1867 548 propa-

1076 552 1275 604 gationem
1326 550 1373 590 ab
1421 549 1499 605 ipso
1549 549 1866 591 descendentibus

1077 620 1180 646 mors
1203 607 1267 647 illa
1295 610 1523 663 imputatur,
1564 622 1751 662 tanquam
1775 624 1867 665 prae-

1075 664 1346 705 varicatoribus
1359 695 1369 711 ,
1401 670 1440 705 in
1458 664 1536 722 ipso
1555 670 1679 722 capite
1703 682 1867 707 conten-

1075 725 1122 762 tis
1133 741 1143 769 5
1186 738 1224 763 at
1258 724 1470 764 Beatiflima
1493 727 1614 780 Virgo
1641 724 1866 780 apertiffime

1076 780 1224 836 probat,
1232 782 1297 822 sibi
1311 797 1393 822 non
1404 783 1672 839 imputandam
1684 782 1755 823 essle
1766 783 1867 824 hanc

1075 854 1245 881 mortem
1268 844 1436 896 peccati,
1467 844 1556 895 quia
1579 841 1789 896 antequam
1818 840 1871 882 es-

1075 897 1156 939 sent
1175 898 1274 955 abyffi
1296 897 1494 954 originalis
1524 898 1660 955 culpat,
1690 903 1807 941 etiam
1828 903 1870 940 in

1075 958 1215 997 aeternit
1227 958 1466 1013 permistione
1480 987 1490 1002 ‚
1525 961 1771 1014 permittente
1785 973 1870 999 om-

1075 1029 1141 1055 nes
1154 1016 1202 1056 ab
1222 1016 1348 1056 Adam
1361 1013 1525 1056 naturali
1550 1015 1613 1056 via
1639 1031 1870 1073 propagatos

1074 1074 1202 1120 infici,
1229 1075 1307 1128 jam
1322 1073 1396 1130 ipia
1418 1078 1458 1114 in
1481 1089 1615 1114 mente
1645 1077 1754 1115 DEI
1775 1090 1869 1116 con-

1074 1146 1206 1188 cepta,
1240 1138 1280 1174 &
1303 1136 1342 1173 in
1355 1132 1503 1173 Divina
1517 1132 1717 1174 voluntate
1732 1148 1868 1189 praeora

1075 1190 1206 1231 dinata
1218 1205 1308 1231 erat.
1338 1206 1452 1245 atque
1472 1190 1566 1230 hinc
1582 1191 1657 1237 est,
1691 1192 1800 1247 quod
1826 1192 1870 1232 li—

1076 1248 1188 1289 cetin
1213 1248 1404 1305 profundit
1421 1248 1487 1290 illa
1521 1248 1669 1305 abysso,
1703 1266 1748 1291 ac
1782 1266 1870 1307 pro-

1076 1306 1194 1349 fluvio
1207 1307 1402 1364 origmalis
1426 1312 1574 1365 peccati
1592 1308 1767 1349 submersi
1792 1308 1872 1350 fue-

1076 1369 1154 1406 rint
1171 1381 1308 1406 omnes
1331 1367 1379 1407 ab
1400 1367 1554 1407 Adamo
1581 1371 1796 1423 progeniti,
1829 1381 1872 1409 ut

1076 1425 1115 1462 in
1138 1423 1240 1464 sensu
1254 1425 1417 1479 mystico
1431 1426 1478 1465 de
1501 1423 1574 1464 illis
1591 1425 1755 1481 intelligi
1789 1425 1872 1482 pos-

1074 1481 1147 1521 sint
1157 1497 1200 1522 ea
1211 1483 1335 1522 Exodi
1347 1482 1478 1525 verba:
1497 1482 1731 1538 Submerfificnt
1745 1485 1778 1522 in
1788 1486 1954 1525 marius·
1970 1499 1999 1519 v-
2013 1499 2041 1527 5.

1076 1539 1171 1580 rubro
1179 1570 1190 1586 ,
1221 1541 1335 1596 Abyffi
1345 1554 1532 1598 operuerunt
1546 1557 1595 1579 eos
1607 1570 1617 1586 ‚
1648 1540 1872 1596 deffenderunt

1076 1599 1109 1638 in
1118 1600 1333 1656 profundum,
1364 1599 1565 1657 quasilapv‘s,
1594 1601 1805 1642 Beatiflima
1817 1614 1874 1641 ta-

1077 1672 1170 1699 men
1187 1660 1366 1700 Genitrix
1379 1688 1388 1704 ,
1421 1674 1468 1699 ex
1480 1658 1632 1714 speciali
1644 1659 1726 1713 Filij
1745 1658 1874 1700 suibe-

1077 1716 1221 1758 neficio
1232 1746 1243 1763 ‚
1274 1720 1316 1758 in
1329 1719 1604 1774 Conceptione
1614 1716 1677 1759 sua
1687 1717 1877 1776 firbmergi

1077 1790 1163 1816 non
1187 1779 1316 1833 potuit
1335 1805 1346 1822 ,
1377 1775 1458 1833 ipsa
1495 1776 1650 1817 dicente
1666 1793 1678 1816 .·
1714 1777 1876 1817 Nondum

1077 1834 1301 1892 erantabyffi‚
1331 1838 1482 1892 peccati
1511 1834 1735 1892 originalis,
1767 1846 1876 1894 &ego

1069 1894 1142 1949 jam
1161 1906 1424 1951 concepturam,
1443 1897 1482 1935 in
1493 1908 1626 1935 mente
1637 1896 1743 1936 DEI.
1773 1896 1874 1937 Haec

1076 1955 1213 1993 omnia
1234 1953 1383 2009 optime
1395 1953 1638 2010 perpendens
1653 1956 1778 1995 Divus
1801 1970 1876 1996 no-

1077 2009 1150 2051 ster
1174 2016 1345 2064 Joannes
1382 2011 1670 2059 Damascenus,
1700 2016 1873 2069 Virginis

1076 2068 1233 2111 illibatae
1244 2069 1365 2111 cliens
1377 2071 1634 2113 devotiffimus
1646 2101 1656 2117 ‚
1675 2074 1871 2127 afflRIA,
1885 2083 2008 2113 orande

1073 2131 1141 2175 ait,
1154 2128 1267 2184 statim
1283 2130 1324 2170 ab
1337 2132 1427 2170 initio
1433 2132 1551 2187 gratiae
1561 2129 1702 2187 abyssum
1714 2132 1839 2171 irwenit
1859 2161 1870 2177 ,
1885 2122 2022 2164 Afffflf‘·

1075 2203 1142 2245 quae
1151 2189 1293 2228 animam
1312 2205 1373 2228 non
1381 2190 1505 2236 mimis,
1527 2190 1623 2246 qudm
1634 2201 1744 2246 corpus
1756 2193 1797 2229 V
1795 2190 1877 2246 irgi-

1079 2263 1172 2286 neum
1183 2246 1353 2302 custodiret.
1385 2254 1426 2290 &
1437 2248 1534 2303 quid
1544 2274 1555 2291 ,
1583 2247 1609 2288 si
1619 2251 1738 2289 MAR1
1744 2263 1803 2288 AM
1817 2252 1875 2305 ip-

1077 2304 1158 2346 sam
1182 2306 1294 2362 Abyffi
1311 2310 1474 2347 nomine
1500 2305 1758 2364 appellarem?
1791 2322 1879 2349 non

1077 2379 1244 2405 errarem
1257 2364 1360 2406 certe
1371 2392 1381 2408 ‚
1413 2368 1504 2406 cum
1519 2366 1567 2406 ab
1578 2366 1660 2421 ipsis
1683 2369 1799 2406 etiam
1813 2369 1874 2408 SS.

1075 2423 1246 2464 Patribus
1259 2423 1326 2464 tall
1346 2424 1564 2479 frequenter
1579 2428 1742 2465 nomine
1762 2424 1874 2465 fuerit

1073 2481 1276 2523 honorata.
1311 2484 1498 2524 Audiatur
1519 2483 1729 2524 Anastafius
1761 2487 1871 2525 Sina-

1072 2543 1126 2581 ita
1141 2556 1148 2579 :
1177 2539 1319 2597 Abyffics
1329 2542 1368 2596 ‹st
1384 2544 1586 2599 MARIA,
1612 2559 1654 2581 ex
1669 2541 1733 2598 qud*
1748 2541 1870 2597 Angeli
1882 2534 1946 2569 1⁰4·
1965 2536 2042 2564 ‘⁴¹¹⁸‘

1072 2612 1188 2640 verum
1224 2600 1326 2655 sblem
1359 2615 1505 2640 exortum
1529 2599 1693 2641 viderunt.
1726 2603 1868 2656 pariter
1881 2583 2039 2654 {imglsslfou‘

1073 2659 1268 2699 Henricus
1289 2659 1379 2700 Suso
1405 2676 1413 2700 z
1455 2658 1596 2715 Abyffics
1616 2657 1802 2711 inexhausta
1820 2657 1869 2697 di·
1884 2673 1985 2703 Medic.
2004 2675 2040 2704 de

1073 2718 1159 2758 'vince
1182 2715 1393 2773 mifiricordiae
1406 2720 1599 2773 {MARIA
1629 2731 1719 2757 cum
1731 2715 1869 2770 quibus
1882 2714 2017 2754 ⁰0¹¹¹P²ffi

1073 2775 1304 2818 doc'tiffimus
1320 2780 1438 2818 etiam
1451 2775 1562 2818 sentit
1581 2775 1727 2820 Idiota‚
1759 2774 1868 2830 Abysi
1883 2756 1926 2785 Μ’

1062 2834 1122 2890 fias
1132 2836 1333 2891 inquiens,
1366 2835 1540 2875 multarum
1559 2834 1742 2889 gratiarum
1763 2834 1868 2872 ‘MA-
1879 2853 1913 2883 de
1921 2857 1998 2884 ΒΝ.

1071 2895 1174 2949 RIA
1185 2920 1198 2937 ,
1227 2910 1270 2933 ex
1283 2910 1347 2950 qua
1363 2906 1544 2950 peccatores
1555 2892 1708 2931 hauriunt
1722 2892 1866 2947 gratiam
1880 2905 1904 2933 P·
1916 2905 1957 2930 ¹4-
1969 2905 2039 2925 eon-

1071 2949 1262 3008 incffmter.
1286 2952 1378 2993 ficut
1393 2965 1522 2991 autem
1542 2979 1552 2995 ,
1583 2949 1754 2990 formato
1769 2949 1866 2991 olim
1882 2937 1980 2976 templ.
1991 2948 2040 2975 ²⁴·

1072 3009 1256 3065 sphaerico
1276 3010 1353 3050 hoc
1377 3008 1551 3054 mundo,
1583 3008 1676 3049 dum
1697 3008 1868 3050 tenebrae

1074 3067 1227 3108 fuiffent
1248 3066 1355 3123 super
1379 3067 1521 3108 faciem
1541 3066 1639 3122 abyffi
1656 3097 1667 3114 ,
1705 3082 1789 3108 non
1812 3067 1866 3108 est

1075 3125 1294 3181 aspernatus
1315 3129 1474 3182 Spiritus
1489 3127 1658 3167 Domini
1669 3126 1799 3167 volare
1810 3126 1865 3167 su-

1075 3182 1233 3240 perillas
1251 3199 1365 3240 aquas
1382 3210 1394 3229 ‚
1426 3183 1508 3227 ime>
1529 3185 1678 3231 tamdiu
1697 3184 1802 3241 super
1822 3186 1865 3239 1'js

1132 3244 1174 3283 D
1186 3241 1212 3282 d
1235 3256 1251 3293 3
1756 3240 1837 3282 sub-
