2159 3508
92 809 100 818 ’
149 819 232 849 Eccli.
254 830 300 858 39.

148 870 173 890 V.
186 869 210 890 6.

142 1255 166 1276 c.
177 1255 201 1284 3·
210 1257 271 1283 v.9.

131 2626 255 2688 394·

324 193 431 247 juxta
451 191 545 232 illud
557 193 793 248 Hieronymi
806 222 817 238 ‚
844 195 884 231 in
904 193 1007 232 hunc
1030 205 1112 232 tex-

327 263 431 291 tum:
462 250 689 290 Auxiliabitur
710 250 763 306 ipsi
785 252 916 288 DELZS
927 279 936 295 ‚
966 251 998 288 in
1019 266 1112 288 exor-

327 307 378 347 dio
398 308 572 350 matutino,
604 311 730 353 itaut,
756 307 863 361 quod
887 311 926 346 in
950 307 1029 359 alijs
1043 307 1112 347 fuit

318 365 526 420 finilificatio
545 379 612 421 per
624 368 770 421 peccati
781 366 858 418 jam
870 366 1053 405 conti-aeli
1069 364 1111 404 li-

329 422 578 468 berationem,
599 426 639 464 in
656 426 803 464 MARIA
814 422 924 462 fuerit
934 426 1109 478 omnige-

326 495 376 520 na
388 479 614 536 parsimonia,
640 495 689 520 ne
701 484 741 520 in
754 494 953 536 peccatum
965 481 1110 520 incide-

324 551 393 577 ret.
425 540 465 578 O
474 536 565 578 felix
576 537 666 595 etgo
677 538 937 592 diluculum‚jam
950 537 972 578 a
983 542 1107 594 primo

324 598 527 635 creationis
547 598 724 652 Deiparae
739 596 899 637 articulo
912 611 998 637 eam
1014 600 1106 637 San-

323 653 513 696 ‹stificanm
545 654 702 695 &tanta
723 653 933 709 informans
965 655 1103 710 gratia,

322 726 369 750 ex
381 711 456 765 qua
465 712 598 752 cadere
610 727 692 753 non
703 715 828 767 potuit
854 717 861 752 ἱ
895 715 934 754 O
947 712 1038 753 felix
1056 713 1107 752 di-

322 769 480 809 luculum:
516 773 555 808 in
573 784 651 824 quo
668 768 929 812 verificabatur
939 770 1107 825 Prophe-

322 826 468 868 tiailla:
501 830 557 867 Cor
570 828 666 882 ficum
684 827 810 874 tradet,
840 828 888 867 ad
904 827 1106 883 vigilandum

321 884 456 924 diluculo
471 913 481 930 ,
503 890 549 924 ad
556 887 728 926 Dominum
741 915 752 933 ,
772 886 904 942 quifesit
915 887 1000 926 illum
1015 913 1025 928 ,
1037 885 1107 926 'feu

319 945 446 998 potius
460 942 545 983 illam
560 972 571 989 ,
602 959 743 1000 nempe
767 947 966 985 MARmzvi!
991 946 1038 985 ‘O
1049 944 1102 983 fe-

320 999 372 1040 lix
384 1000 553 1048 diluculum
562 1030 573 1047 ,
599 1002 727 1042 omnis
740 1003 816 1056 J'am
829 1016 910 1042 tum
921 1031 931 1047 ‚
954 1005 995 1040 in
1007 1017 1101 1041 con-

318 1062 498 1114 ceptione
535 1074 675 1115 nempe
694 1089 706 1105 ,
741 1059 912 1115 caliginis
949 1058 1103 1100 exclusi-

317 1121 432 1158 vum!
465 1116 626 1172 Optime
644 1116 790 1157 idcirco
809 1120 848 1156 in
883 1117 986 1157 hunc
1006 1133 1102 1157 con-

316 1188 473 1229 ceptum
484 1203 494 1220 ‚
526 1174 672 1214 locutus
684 1174 785 1215 fuisse
800 1175 1101 1231 videturpatien-

315 1232 468 1273 tiffimus
478 1232 575 1284 Job,
600 1247 666 1288 per
686 1232 751 1273 illa
773 1232 886 1274 verba
910 1251 916 1273 :
944 1236 1101 1290 Expeffec

314 1290 436 1334 lucem,
466 1298 575 1333 &non
586 1290 719 1336 videat,
751 1307 805 1331 nec
823 1306 923 1330 ortum
940 1292 1099 1348 fingemus

313 1350 449 1388 Aurorae
466 1377 478 1394 ‚
508 1349 547 1389 id
565 1348 619 1388 est
645 1354 709 1398 (ut
721 1351 901 1389 Doctoris
923 1350 1097 1406 Angelici

284 1426 291 1433 ·
312 1404 422 1447 sonat
437 1406 643 1461 expositio)
667 1409 851 1463 Beatiffimae
861 1406 899 1446 V
899 1409 1022 1463 irginbs,
1033 1424 1097 1463 quae

312 1464 410 1519 insito
418 1478 488 1504 ortu
497 1493 508 1509 ,
538 1465 559 1502 d
563 1476 691 1520 peccato
703 1466 851 1520 originali
867 1466 1095 1519 immunts'sficit.

311 1523 429 1562 Hanc
440 1525 552 1578 igitur
562 1525 762 1578 Virginem
777 1551 788 1568 ,
820 1522 909 1562 ideo
931 1524 1097 1562 intemera-

309 1593 379 1619 tam
388 1579 523 1619 diluculo
534 1609 545 1625 ‚
576 1583 665 1634 quia
684 1579 707 1620 a
718 1583 833 1621 DEO
849 1597 940 1620 mane
953 1581 1098 1620 duluculo

309 1637 500 1691 adjutam,
523 1637 672 1679 devotis
683 1637 950 1693 prosequamur
958 1638 1098 1678 affecti-

309 1694 377 1736 bus
391 1724 402 1742 ‚
435 1709 476 1736 ut
486 1698 550 1750 qui
560 1695 693 1735 diluculo
706 1698 746 1735 in
759 1709 919 1752 peccato
930 1711 1097 1752 concep—

308 1756 366 1800 ti,
398 1768 492 1793 mane
515 1768 581 1809 per
605 1753 838 1809 Baptismum
859 1754 1096 1795 reconciliati

307 1810 452 1857 sumus,
483 1811 731 1867 postmodum
761 1811 852 1853 vero
878 1813 927 1852 ad
958 1813 1096 1853 horam

307 1869 384 1910 diei
396 1871 546 1910 tertiam
558 1898 568 1915 ‚
599 1872 639 1909 in
653 1871 848 1924 juventute
861 1885 1001 1927 nempe
1012 1899 1022 1918 ,
1047 1871 1096 1911 ad

307 1930 399 1968 vitia
411 1927 624 1968 admodum
639 1927 844 1984 proclives,
862 1932 901 1968 in
915 1928 1096 1970 adultiori

310 1985 470 2025 demum
482 1999 591 2026 aetate
603 2015 613 2032 ‚
635 1985 819 2040 tanquam
834 1989 873 2026 in
884 1987 1013 2026 meridie
1025 2017 1034 2032 ,
1053 1994 1093 2028 in

306 2047 472 2098 peccatis
496 2072 505 2089 ,
535 2043 635 2099 proh
661 2043 774 2084 dolor
795 2049 802 2084 l
833 2044 1092 2092 adolevimus,

305 2100 439 2141 saltem
450 2101 495 2140 ad
503 2101 664 2157 'vesperum
675 2131 685 2148 ,
699 2101 844 2156 reliquo
857 2117 996 2159 nempe
1007 2107 1093 2145 vitae

306 2159 443 2199 nostrae
463 2159 582 2215 spatio
604 2189 614 2206 ‚
642 2160 686 2200 ea
711 2160 934 2214 adjuvante,
966 2166 1091 2217 poeni-

307 2220 470 2257 tentiam
512 2218 641 2257 seriam
689 2232 842 2274 agamus
867 2248 877 2264 ,
907 2220 1090 2260 intemerat&

305 2275 554 2329 imposterum
575 2279 765 2322 vivamus,
798 2290 912 2331 atque
931 2277 979 2317 ad
1007 2278 1089 2318 feli-

305 2332 489 2372 ciffimum
501 2336 689 2374 Beatitatis
709 2333 879 2374 diluculum
894 2363 904 2380 ,
937 2350 981 2375 ac
999 2352 1091 2376 mane

303 2393 489 2430 aeternum
518 2405 838 2446 perennaturum,
869 2394 946 2446 ejus
970 2399 1090 2449 preci-

303 2446 370 2489 bus
380 2451 576 2504 pervenire
601 2449 824 2490 studeamus.

480 2526 519 2589 §.
543 2538 594 2578 2.
629 2526 923 2578 Authoritas.

334 2603 551 2655 IaCosz
569 2611 830 2654 GenVensIs
843 2642 857 2664 ‚
885 2607 1055 2655 LabeM

586 2679 790 2722 DeLens.

282 2744 284 2749 ’
303 2772 329 2796 1.
361 2757 412 2797 ‘M
422 2757 584 2812 ARIA
599 2758 794 2813 Lunamficb
809 2757 1059 2814 pediimhabuit
1073 2784 1086 2802 ,

356 2816 432 2871 quia
449 2815 535 2854 nulla
548 2816 638 2872 culpa
647 2832 787 2873 unquam
813 2817 845 2855 in
857 2815 895 2854 ed
908 2816 1085 2872 praevalere

346 2874 460 2928 potuit.
493 2876 609 2914 Serm.
624 2892 651 2914 2.
665 2874 712 2915 de
721 2873 905 2930 Affumpt.
916 2875 1080 2914 MARIAE.

710 100 801 159 De
820 97 1107 178 Concepta
1133 99 1284 157 Sacra
1296 95 1545 176 Deiparzi,

1162 210 1189 231 2..
1221 193 1444 246 MARIA
1455 191 1594 245 fuitfine
1604 192 1730 231 maculd
1740 222 1749 237 ,
1773 205 1833 249 per
1843 193 1941 232 'omnis

1209 250 1334 305 peccati
1348 250 1589 288 immunitatem.
1612 249 1676 305 ipfiz
1685 249 1805 305 quid-en:
1814 252 1943 290 liberum

1222 306 1389 345 arbitrium
1400 307 1433 345 in
1444 306 1520 346 bono
1530 307 1744 361 confirmatum
1755 308 1879 351 habuit,
1904 316 1943 350 ὠ·

1216 364 1282 404 ideo
1295 363 1370 403 nulli
1374 375 1502 422 peccato
1518 365 1697 419 conscientia
1702 367 1818 420 patuit.
1859 369 1941 404 Non

1217 421 1328 462 habuit
1342 421 1569 461 admixtionem
1584 423 1766 478 originalis,
1796 425 1870 479 quia
1872 425 1942 477 ficit

1215 482 1249 520 in
1265 490 1354 519 utero
1365 480 1385 518 ἃ
1397 481 1515 536 Spiritu
1526 482 1636 520 Sancflo
1642 480 1840 535 stanificata
1856 498 1863 520 ε
1887 498 1940 520 nec

1212 539 1306 577 etiam
1316 537 1425 583 habuit
1436 537 1664 578 admixtionem
1674 539 1818 577 mortalis
1828 567 1837 583 ,
1868 539 1941 593 quia

1201 596 1271 651 ficit
1280 597 1301 634 a*
1318 596 1578 651 Patruspotentid
1589 597 1773 652 confirmata
1783 626 1793 642 ,
1823 612 1876 634 nec
1885 597 1941 635 eti-

1214 670 1267 693 am
1287 653 1399 693 habuit
1422 653 1650 694 admixtionem
1670 655 1812 694 ‘venialis
1824 683 1833 700 ‚
1864 655 1940 710 quia

1204 712 1274 765 fuit
1282 711 1304 750 a*
1305 712 1452 767 puritate
1462 712 1547 767 Filij
1557 714 1766 770 impregnata.
1821 716 1936 754 Serm.

1211 783 1239 820 3.
1252 769 1300 810 de
1313 766 1494 826 Affumpt.

1379 893 1414 940 §.
1438 893 1476 950 3.
1515 885 1696 960 Ratio.

1184 999 1335 1046 HaVD
1368 1003 1650 1058 ConVenst,
1685 999 1896 1062 sponsaM
1959 1016 2073 1075 395,

1365 1066 1508 1133 gratla
1537 1074 1715 1118 Carere.

1195 1173 1296 1210 Uxta
1318 1170 1565 1211 universalem
1576 1185 1749 1212 mentem
1763 1202 1772 1218 ‚
1805 1172 1933 1214 &sen-

1214 1226 1293 1268 sum
1329 1233 1445 1269 totius
1471 1229 1641 1270 Ecclesiae
1665 1256 1675 1272 ,
1723 1231 1932 1272 Beatiffima

1149 1287 1270 1341 Virgo
1282 1286 1352 1327 fuit
1367 1302 1455 1327 vera
1474 1286 1605 1343 sponsa
1627 1290 1780 1343 Spiritus
1793 1292 1929 1330 Saneti.

1148 1344 1248 1398 Ergo
1269 1349 1504 1386 conveniens
1523 1345 1576 1386 est
1588 1375 1598 1392 ‚
1630 1360 1672 1386 ut
1687 1346 1730 1386 fit
1749 1350 1933 1388 immacu-

1147 1400 1223 1440 late
1241 1417 1440 1458 concepta.
1493 1403 1603 1444 Prob.
1632 1404 1749 1445 Cous.
1807 1407 1934 1446 Maxi-

1147 1458 1211 1498 me
1232 1464 1466 1501 conveniens
1477 1461 1551 1507 est,
1582 1461 1764 1516 utiponsa
1788 1463 1828 1502 fit
1838 1463 1933 1503 sem-

1147 1531 1212 1572 per
1241 1521 1385 1564 amica,
1417 1525 1457 1560 &
1477 1520 1680 1572 conjuncla
1702 1519 1830 1575 iponia
1851 1548 1861 1564 ‚
1891 1528 1931 1563 ὅτ.

1147 1574 1347 1630 nunquam
1371 1578 1447 1630 ejus
1472 1578 1590 1632 gratia
1611 1592 1736 1618 cai-eat
1756 1608 1766 1624 ,
1798 1579 1858 1619 vel
1882 1579 1929 1619 ab

1146 1647 1193 1672 eo
1205 1633 1368 1688 separata
1375 1634 1438 1674 fit:
1469 1635 1542 1675 Sed
1557 1636 1581 1674 fi
1593 1637 1800 1676 Beatissima
1808 1640 1928 1693 Virgo

1145 1690 1386 1732 contraxisset
1401 1705 1602 1747 peccatum
1617 1694 1800 1749 originale
1814 1723 1824 1739 ,
1847 1709 1929 1736 non

1146 1748 1308 1805 amplius
1325 1749 1445 1790 fuiss'et
1463 1754 1588 1790 amica
1611 1752 1766 1806 Spiritus
1777 1754 1901 1793 Saneti
1915 1782 1927 1799 ‚

1146 1805 1209 1846 sed
1231 1809 1308 1862 ejus
1327 1812 1506 1854 inimica,
1537 1815 1577 1850 ὅ(
1597 1808 1646 1849 ab
1667 1824 1714 1849 eo
1734 1809 1898 1866 separata
1917 1829 1925 1851 :

1146 1866 1248 1921 Ergo
1264 1880 1331 1922 per
1351 1866 1427 1906 hoc
1444 1896 1455 1912 ‚
1487 1867 1594 1921 quod
1614 1867 1822 1908 Beatiffima
1842 1871 1927 1910 Vir-

1144 1937 1196 1979 go
1221 1923 1263 1964 fit
1284 1924 1414 1980 sponsa
1446 1928 1600 1980 Spiritus
1630 1929 1754 1967 Sancli
1776 1955 1787 1972 ‚
1831 1941 1925 1967 con-

1143 1984 1300 2022 veniens
1324 1981 1377 2022 est
1391 2011 1402 2028 ,
1433 1996 1474 2023 ut
1505 1983 1547 2023 fit
1567 1983 1811 2025 immaculate
1832 1999 1924 2024 con-

1141 2053 1260 2095 cepta.
1302 2041 1403 2083 Min.
1435 2041 1605 2087 constat,
1627 2045 1716 2096 quia
1727 2043 1848 2083 homo
1861 2057 1925 2098 per

1141 2111 1342 2153 peccatum
1371 2113 1481 2154 grave
1500 2098 1688 2155 Reparatur
1707 2099 1728 2141 a
1740 2103 1781 2141 D
1797 2103 1826 2140 E
1844 2104 1883 2142 O
1911 2129 1922 2145 ‚

1140 2154 1292 2210 ejusque
1312 2159 1487 2197 inimicus
1515 2156 1673 2198 efficitur
1694 2188 1706 2204 ,
1741 2157 1923 2214 simult'1ue

1140 2214 1259 2270 gratia
1281 2217 1467 2270 privatur:
1501 2215 1572 2256 Sed
1596 2230 1795 2272 peccatmn
1806 2220 1920 2273 origi-

1140 2271 1250 2318 nale,
1279 2274 1382 2326 juxta
1415 2272 1568 2319 Fidem,
1599 2274 1653 2314 est
1692 2290 1822 2315 verum
1854 2275 1922 2315 ali-

1139 2330 1244 2384 quod
1255 2345 1366 2386 grave
1378 2345 1590 2386 peccatum.
1664 2334 1766 2388 Ergo
1790 2333 1848 2373 vel
1865 2334 1921 2373 di-

1140 2395 1191 2428 cis
1221 2389 1470 2429 Beatiffimam
1493 2393 1692 2445 Virginem
1718 2389 1789 2430 esse
1808 2391 1919 2446 spon-

1140 2445 1217 2486 sam
1231 2447 1385 2502 Spiritus
1406 2449 1557 2488 Sanffi.
1586 2447 1647 2489 vel
1681 2461 1789 2488 non?
1819 2450 1843 2489 si
1867 2449 1918 2489 ie-

1140 2505 1311 2545 cundum
1339 2520 1346 2543 ι
1376 2505 1604 2546 contradicis
1626 2509 1696 2545 toti
1715 2506 1884 2547 Ecclefiae
1904 2526 1914 2554 5

1138 2563 1164 2602 fi
1189 2567 1355 2617 primum
1385 2578 1392 2601 :
1423 2562 1550 2619 eoipso
1570 2563 1752 2619 implicite
1779 2579 1884 2606 tenes
1905 2596 1916 2613 ‚

1138 2635 1223 2660 eam
1260 2620 1363 2661 fuisse
1387 2620 1629 2661 immaculate
1655 2636 1882 2677 conceptam
1904 2654 1914 2670 ,

1138 2679 1478 2731 conjunffissimam
1512 2681 1662 2734 Spiritui
1690 2682 1844 2727 Sancio,
1876 2688 1917 2724 ὃς

1138 2750 1335 2789 nunquam
1365 2737 1442 2789 ejus
1474 2737 1592 2792 gratia
1613 2735 1784 2783 caruiffe,
1813 2741 1916 2792 juxta

1191 2792 1284 2833 illud
1296 2795 1409 2835 Cant.
1426 2809 1456 2833 c.
1472 2800 1503 2834 6.
1516 2794 1660 2833 Dileffus
1675 2810 1760 2834 mem
1772 2797 1861 2844 mihi,

1389 2860 1426 2894 Θ
1444 2868 1495 2908 ego
1513 2851 1557 2900 illi
1568 2880 1578 2898 ‚
1610 2860 1675 2894 &c-
