2159 3508
79 493 110 521 Ι..
119 491 153 521 de
161 498 225 528 pro-

77 537 158 574 priet.
170 542 219 563 rer.

80 943 165 970 Serm.
178 951 203 969 2.

81 983 114 1012 de
122 985 150 1013 B.
160 985 196 1016 V.

89 1949 183 1974 t.9.v·
199 1948 228 1975 4.

244 218 368 272 utfnulli
380 212 506 274 penitus
516 208 778 252 cedat‘materiae3
810 205 886 261 quia
898 217 953 242 nec
962 202 1036 257 ser-

244 293 280 317 ro
289 275 457 331 frangitur
473 300 483 318 ,
512 286 568 310 nec
582 270 653 324 igne
667 265 789 320 calescit
812 280 820 303 ι
851 261 1034 302 adaman-

246 339 327 375 tina
346 335 524 387 Deiparae
537 328 653 383 frons,
696 328 737 364 in
759 321 1035 376 Conceptione

247 388 453 450 purissima,
486 386 582 427 nulli
597 382 698 424 ceffit
718 379 914 423 violentiae
948 391 1036 433 pec-

247 454 333 491 cati.
366 449 519 489 Dicitur
531 444 714 484 nimirum
725 438 891 480 Adamas
907 449 1037 492 gemma

249 506 508 549 reconciliationis
535 511 574 545 (9‘
595 500 736 544 amoris,
779 503 820 538 &
840 494 924 535 talis
951 506 1038 533 om-

249 565 347 608 nino
381 564 453 604 fuit
476 565 683 603 Minui,
712 570 796 611 quae
845 553 1039 608 quampri-

250 627 360 665 mum
382 623 527 677 incepit
556 616 649 662 esse,
680 614 821 656 eodem
849 607 1006 651 instanti
1027 635 1038 651 2

250 682 347 724 adeo
371 695 502 721 amore
521 677 584 718 suo
597 675 756 716 DEUM
767 668 967 713 inescavit,
999 680 1042 707 ut

250 744 326 795 ejus
346 738 476 796 postea
498 735 637 776 Filium
659 732 707 772 ab
723 743 867 771 aeterno
888 728 1043 768 Paterni

249 799 347 840 sinfis
378 795 575 840 accubitu,
606 795 646 832 in
662 792 851 847 gremium
871 785 978 826 suum
988 797 1043 823 at-
1082 774 1196 833 stactus
1217 778 1255 831 ‘3st
1275 777 1329 816 illi.

251 859 406 899 traxerit
422 873 430 896 2
444 868 486 895 ut
500 867 582 894 non
594 845 790 890 immerito
803 845 825 886 ὲῑ
836 842 1042 899 Seraphico

252 918 427 957 Doctore
453 915 600 953 MAMA
626 908 772 958 dicatur
802 902 1044 944 Adamastr-

253 974 306 1019 bi5
342 974 416 1029 quia
433 970 509 1018 ficut
523 967 668 1010 Adamaes
682 964 727 1005 ad
726 964 763 1020 ft
778 964 906 1018 ferrum
929 958 1042 1003 trahit,

246 1032 293 1089 fic
325 1032 427 1071 MA
433 1031 511 1083 RI
513 1030 555 1068 A
582 1024 626 1065 ad
639 1025 675 1080 sc}
695 1021 828 1063 deduxit
847 1017 884 1058 de
897 1017 1044 1073 supernus

256 1089 392 1130 Verbum
406 1089 508 1126 DEJ.
566 1089 592 1123 Ο
599 1084 740 1138 frontem
753 1082 865 1135 igitur
875 1075 1040 1116 felicem!

253 1151 343 1203 quia
362 1149 503 1202 frontem
532 1139 791 1182 Adamantinam
816 1165 826 1181 ,
859 1131 1042 1174 omnibus

253 1206 416 1247 aliorum
432 1232 441 1248 ‚
471 1204 589 1242 etiam
610 1195 931 1239 Sanffiffimorum
940 1193 1043 1233 viro.

252 1279 338 1305 rum
357 1289 368 1305 ,
389 1259 553 1316 froncibm
571 1256 782 1297 'valentiorem
795 1253 807 1292 .'

356 1319 480 1361 Lubet
504 1316 567 1357 hic
581 1345 591 1362 ‚
622 1329 692 1370 pro
710 1307 1015 1353 demonstrando
1029 1332 1041 1350 2

252 1382 437 1421 MAR1AM
453 1380 572 1420 inter,
607 1380 646 1415 ὅ(
672 1371 764 1413 alios
785 1370 941 1410 Sanetos
984 1365 1042 1406 di-

254 1438 430 1478 scrimine
444 1465 453 1481 ,
484 1434 562 1474 duo
585 1436 705 1473 Sacrae
721 1431 922 1483 Scripturae
940 1424 1046 1469 loca,

257 1494 382 1552 prima
405 1494 532 1535 fronte
556 1490 750 1530 contraria
775 1515 785 1531 ‚
813 1488 854 1524 in
874 1482 1048 1524 medium

258 1554 469 1594 adducere:
495 1546 797 1590 manifestaturus
816 1546 923 1583 enim
941 1543 1050 1580 DEus

260 1611 398 1668 Apocal.
418 1627 442 1650 c.
456 1627 487 1656 7.
511 1620 672 1662 quinam
693 1602 811 1645 essent
829 1599 982 1644 fideles,
1006 1612 1051 1638 ac

260 1673 339 1711 veri
354 1670 431 1724 ejus
448 1668 570 1707 servi?
610 1663 729 1704 dixit:
761 1660 855 1701 tales
867 1661 908 1698 in
924 1657 1047 1712 fronte,

251 1726 380 1784 sigillo
395 1728 551 1767 Divinae
570 1724 699 1778 gratiae
710 1717 782 1759 effe
807 1716 1047 1771 obfignatos:

258 1785 454 1843 quoadusque
477 1782 634 1838 fignemus
651 1778 765 1834 servos
789 1777 906 1815 DEI
930 1772 1023 1826 nostri
1038 1797 1049 1816 ‚

260 1847 294 1884 in
305 1842 470 1899 frontibus
488 1855 604 1880 eorum.
638 1834 774 1892 quibus
798 1833 881 1874 haec
901 1830 1052 1885 subjun-

260 1906 318 1943 xit
342 1900 457 1943 verba
489 1897 681 1954 Propheta
697 1889 891 1944 ffizechiel
916 1906 928 1931 :
956 1889 1054 1944 Signa

262 1961 357 2000 Thau
369 1987 381 2004 ‚
401 1957 497 2016 ficper
508 1957 634 2012 frontes
653 1954 809 1997 virorum,
826 1959 891 1994 &c.
967 1950 1052 1987 To-

260 2034 345 2060 tum
369 2016 587 2074 oppositum
608 2011 701 2053 alibi
724 2014 766 2051 in
784 2004 974 2064 Scriptura
997 2005 1050 2045 le-

264 2081 363 2134 gitur
378 2094 387 2122 ·,
417 2071 669 2132 praeterquam
680 2072 786 2111 enim
799 2094 810 2112 ,
835 2064 942 2121 quod
952 2066 1051 2105 MA-

266 2137 357 2176 RIA
376 2134 525 2174 dicatur
550 2130 691 2171 habere
706 2127 878 2168 frontem
897 2123 1054 2162 duriorem

210 2221 213 2224 s
254 2191 419 2249 frontibus
458 2205 563 2231 eorum
581 2215 592 2232 ‚
623 2191 675 2228 ait
712 2184 861 2240 insuper
900 2183 1057 2237 Spiritus

100 2409 183 2434 Cant.
195 2408 222 2434 8.

100 2458 127 2477 v.
143 2453 170 2478 6.

105 2831 136 2859 L.
152 2829 219 2877 nde

106 2881 163 2904 nat·
172 2881 233 2899 ani.

106 2913 174 2942 mal·

266 2254 442 2294 Sanetus,
472 2248 579 2288 illam
590 2260 745 2301 quoque
766 2242 788 2283 ὸ.
802 2243 920 2283 DEO
942 2241 1056 2280 Divi-

268 2326 328 2350 nae
340 2309 467 2365 gratiae
482 2305 603 2363 sigillo
613 2303 853 2360 obsignatam
865 2297 936 2339 esse
947 2327 957 2343 ‚
972 2311 1055 2337 non

269 2369 477 2423 quidemin
492 2364 645 2406 fronte,
678 2362 793 2402 sedin
817 2357 961 2399 corde:
994 2358 1060 2394 Po-

271 2443 308 2466 ne
326 2442 375 2466 me
389 2439 424 2465 ut
435 2422 653 2480 signaculum,
673 2419 768 2476 super
782 2434 833 2457 cor
851 2415 955 2456 tuum!
966 2412 1059 2469 quid

271 2483 395 2540 quaeso
419 2482 497 2523 hoc
526 2479 733 2536 fignificat,
774 2475 870 2517 alios
903 2475 1060 2515 Samffos

270 2543 486 2599 obsignatos
536 2538 571 2578 in
600 2535 764 2592 frontibus
794 2549 923 2578 eorum,
952 2533 1061 2572 MA-

274 2603 413 2643 RIAM
430 2594 527 2656 super
545 2612 597 2637 cor
616 2595 712 2651 strum
725 2595 751 2633 ,Ρ
783 2607 850 2632 cur
871 2605 952 2631 non
973 2604 1060 2630 om-

275 2676 342 2700 nes
357 2657 463 2699 fimul
485 2669 550 2697 aut
564 2658 604 2695 in
617 2653 743 2694 fronte
761 2677 772 2694 >
793 2652 909 2691 autin
920 2648 1036 2688 corde
1049 2660 1063 2688 .>

275 2724 329 2759 Ut
357 2718 542 2758 nimirum
581 2710 881 2766 intelligeremus
907 2735 918 2752 ‚
954 2705 1063 2760 quod

273 2773 606 2831 quemadmodum
650 2775 660 2820 (
687 2767 780 2809 teste
817 2763 1019 2806 Aristotele
1050 2769 1062 2813 )

277 2845 409 2874 natura
423 2837 463 2873 in
475 2831 742 2889 generatione,
773 2831 814 2867 &
831 2823 1065 2864 formatione

277 2892 472 2937 hominis,
503 2904 592 2930 ante
631 2887 764 2928 omnia
794 2880 921 2939 primo
953 2879 1065 2921 effor-

279 2964 360 2989 mat
388 2953 490 2994 Cor,
522 2960 707 3001 tanquam
727 2936 977 2984 necessarium
995 2939 1066 2978 hu-

279 3022 402 3048 manae
420 3007 604 3046 strusturae
618 3000 915 3045 fundamentum
928 3027 938 3044 ‚
970 3011 1012 3037 ut
1022 2996 1066 3037 fit

280 3080 413 3122 parens
453 3064 646 3119 spirituum
689 3057 865 3104 vitalium
887 3086 898 3103 ,
928 3055 1067 3096 fornax

279 3123 415 3164 caloris
436 3121 635 3166 naturalis,
672 3119 903 3176 principium
920 3113 1071 3160 motus,

283 3190 324 3225 ὃς
348 3183 459 3221 unica
470 3182 555 3219 vita:
575 3177 681 3218 causa
703 3193 710 3215 ε
746 3175 852 3228 corest
862 3173 1068 3232 primumvi-

644 109 738 174 De
759 103 1050 185 Concepta
1070 99 1224 162 Sacra
1240 91 1498 175 'Deiparffl

1084 210 1184 237 vens:
1216 192 1358 234 deinde
1371 186 1539 248 primuni
1561 186 1735 245 procedit
1748 186 1795 228 ad
1806 183 1875 228 ali.-

1086 270 1123 295 as
1145 254 1316 309 corporis
1347 263 1490 307 partes:
1522 246 1703 293 tandem,
1731 248 1874 290 &ulti-

1084 311 1153 353 mo
1183 311 1326 352 format
1343 321 1459 364 caput
1473 336 1483 353 ‚
1513 319 1700 359 tanquam
1718 306 1872 351 realem,

1086 378 1126 413 ὃς
1146 372 1277 412 veram
1298 383 1325 421 5.
1339 365 1509 408 sensuum
1538 364 1686 410 sedem3
1716 363 1765 405 fic
1786 364 1871 405 reli-

1086 433 1151 484 qui
1172 430 1297 470 SanCti
1318 455 1329 472 ‚
1358 427 1514 479 Deique
1548 421 1639 464 strvi
1683 422 1873 479 obsignati

1086 487 1245 542 quidem
1259 486 1398 526 fuerint
1413 513 1423 530 ,
1453 482 1515 523 sed
1540 496 1623 521 non
1642 481 1710 520 nisi
1733 482 1768 520 in
1778 482 1875 536 fron-

1087 545 1190 591 tibus,
1221 545 1260 585 id
1277 543 1352 588 est,
1385 539 1588 598 postquam
1605 542 1706 583 nati,
1737 537 1876 580 velsal-

1088 618 1169 644 tem
1223 599 1387 659 perfecte
1425 600 1605 643 formati,
1635 610 1677 637 ut
1705 602 1875 649 Joannes

1090 660 1256 717 Baptista
1280 690 1291 706 ‚
1334 659 1398 700 diu
1441 657 1526 713 post
1570 660 1874 711 conceptionem

1092 719 1368 763 Sanctificatus,
1400 717 1506 769 juxta
1527 713 1642 755 illud:
1669 715 1742 754 Hic
1764 713 1873 768 menfis

1390 777 1442 815 At
1463 776 1646 815 MARIAM
1665 772 1738 814 illis
1749 778 1878 815 omni-

1894 736 1961 766 Lue.
1991 745 2016 767 c.
2024 744 2049 768 1.·

1899 788 1925 808 v.
1942 783 1990 814 36.

1093 837 1161 875 bus
1187 833 1304 891 longe
1330 833 1606 878 valentiorem,
1638 832 1882 889 obfignatam

1092 892 1218 938 fuisse,
1247 907 1329 933 non
1357 895 1395 931 in
1414 891 1525 946 fronte
1545 893 1724 937 tantum,
1760 905 1800 932 ut
1811 891 1881 936 illi,

1092 951 1154 992 sed
1180 955 1220 991 in
1245 949 1356 996 corde,
1386 948 1503 995 adeo,
1533 962 1576 990 ut
1588 948 1680 990 licet
1698 950 1879 992 nondum

1092 1008 1255 1066 perfecte
1277 1008 1442 1050 formata
1458 1034 1469 1051 ‚
1500 1010 1789 1064 quamprimum
1818 1012 1878 1048 in-

1090 1071 1192 1125 cepit
1208 1066 1297 1113 esse,
1329 1066 1483 1123 signata,
1514 1065 1691 1121 figmata,
1722 1082 1767 1107 ac
1784 1081 1879 1123 prae-

1090 1126 1230 1169 servata
1244 1125 1356 1167 fuerit
1372 1124 1420 1165 ab
1438 1128 1549 1164 omni
1560 1123 1672 1180 culpa
1690 1153 1702 1170 ,
1723 1139 1797 1165 nec
1809 1141 1879 1166 un-

1091 1200 1210 1240 quam
1225 1182 1462 1241 principiarit
1484 1185 1611 1223 vivere
1623 1211 1634 1228 ‚
1669 1185 1762 1236 quin
1774 1183 1883 1224 fimul

1093 1242 1205 1284 omni
1218 1242 1412 1287 adamante,
1442 1247 1481 1283 (θ’
1487 1239 1574 1297 filice
1580 1240 1721 1295 fhrtior,
1753 1241 1883 1283 exclu-

1093 1301 1132 1342 so
1166 1299 1278 1342 omni
1317 1313 1499 1356 peccato,
1532 1298 1769 1354 principifirit
1811 1299 1884 1341 esst:

1092 1364 1233 1417 gratiae,
1252 1356 1467 1413 amorisque
1480 1359 1626 1398 Divini.
1684 1359 1743 1398 En
1760 1362 1769 1397 !
1790 1372 1887 1413 quo—

1095 1419 1218 1460 modo
1249 1416 1362 1457 facies
1386 1418 1542 1456 MAMAE
1563 1415 1675 1455 fuerit
1691 1415 1884 1457 valentior

1095 1476 1262 1516 faciebus
1286 1489 1444 1519 eorum,
1473 1480 1513 1514 &2
1536 1473 1642 1513 frons
1667 1473 1883 1515 adamanti-

1098 1550 1148 1574 na
1169 1533 1304 1574 fortior
1319 1531 1507 1572 frontibus
1525 1546 1672 1571 eorum.
1703 1532 1788 1572 Ah!
1811 1539 1886 1573 uti-

1099 1607 1192 1632 nam
1207 1607 1277 1632 nos
1292 1620 1303 1636 ‚
1333 1595 1398 1644 qui
1428 1593 1468 1629 in
1491 1603 1651 1645 peccato
1667 1593 1793 1631 vivere
1808 1606 1887 1632 coe-

1097 1654 1222 1706 pimus
1236 1678 1248 1695 ,
1279 1647 1411 1688 saltem
1427 1651 1468 1687 in
1490 1646 1611 1703 gratia
1641 1651 1762 1688 vitam
1783 1648 1891 1690 clau⁴

1098 1708 1232 1749 damus
1253 1735 1265 1752 ‚
1290 1722 1335 1747 ac
1356 1704 1606 1746 adamantina
1629 1704 1854 1746 fortitudine
1877 1736 1889 1752 ‚

1099 1782 1166 1823 per
1178 1763 1466 1806 immaculatam
1481 1766 1694 1820 Deiparam
1714 1763 1890 1811 obtenta,

1101 1824 1272 1867 hostibus
1297 1822 1435 1864 nostris
1463 1821 1647 1878 generose
1664 1822 1890 1864 resistamus!

1105 1884 1144 1924 id
1159 1882 1302 1939 sperare
1325 1880 1430 1936 jubet
1444 1884 1614 1937 Virginis
1628 1883 1669 1921 in
1692 1880 1758 1921 fibi
1772 1881 1891 1923 devo-

1105 1955 1163 1983 tos
1206 1945 1323 1997 pietas
1353 1958 1363 1987 3
1414 1939 1746 1994 quemadmodum
1783 1943 1891 1980 enim

1106 2005 1117 2052 (
1142 1999 1234 2041 teste
1246 2001 1369 2039 Pierio
1380 1997 1587 2041 Valeriano
1608 2003 1620 2046 )
1651 1997 1818 2052 idinfitum
1830 1999 1893 2038 Di-

1102 2058 1224 2100 vinitas
1237 2057 1351 2097 habere
1360 2057 1470 2112 fertur
1480 2056 1644 2102 Arima,
1677 2071 1712 2095 ut
1733 2071 1866 2096 mentem
1880 2086 1891 2103 ‚

1104 2118 1304 2172 animumq'ue
1315 2116 1468 2173 gestantis
1485 2128 1575 2155 ‘vano
1592 2129 1676 2154 metu
1688 2114 1796 2154 liberet
1806 2144 1818 2161 ,
1846 2131 1891 2156 ac

1107 2189 1148 2216 ut
1159 2175 1300 2216 Plinius
1325 2173 1433 2215 addit
1455 2191 1462 2214 :
1491 2176 1618 2213 Fortem
1630 2174 1717 2228 facit
1737 2173 1891 2214 hominem
1914 2170 1948 2198 L.
1966 2169 2067 2201 ‘¹0⁰²‘-

1105 2248 1215 2273 contra
1228 2233 1347 2288 hostem.
1406 2232 1454 2272 fic
1466 2234 1613 2273 MARrA
1634 2230 1894 2279 immaculata,
1913 2220 1964 2241 ‘er'

1108 2292 1325 2346 frequenter
1352 2288 1375 2330 ὲ
1393 2290 1505 2330 nobis
1540 2293 1721 2332 invocata
1745 2316 1756 2334 >
1786 2289 1898 2331 omni

1110 2366 1180 2391 nos
1196 2349 1308 2391 mala:
1326 2351 1462 2390 mortis
1477 2362 1583 2389 metu
1603 2348 1779 2389 liberabit
1792 2377 1804 2394 ,
1822 2349 1903 2390 for-

1108 2407 1240 2508 Eesque
1262 2412 1304 2450 in
1333 2407 1505 2449 extrema
1526 2406 1627 2448 luera
1655 2410 1815 2449 victores
1846 2406 1902 2449 ef-

1137 2481 1221 2509 ciet.

1915 2004 1948 2033 de
1956 2004 2031 2035 Ada-

1914 2051 2009 2085 τηετις
2046 2064 2049 2068 »

1274 2554 1322 2605 ff.
1342 2558 1392 2599 2.
1426 2543 1724 2596 Authoritas.

1111 2663 1268 2707 Peter
1291 2655 1537 2705 CoMestor
1554 2689 1568 2711 ,
1600 2657 1790 2702 Certans
1818 2669 1902 2717 pro
1924 2664 2050 2732 5620

1282 2729 1494 2788 erItate
1524 2727 1746 2786 Delparae.

1115 2819 1197 2859 Non
1209 2812 1331 2871 gaudet
1357 2811 1492 2852 mundus
1508 2838 1520 2855 ,
1556 2809 1642 2868 quiid
1667 2816 1770 2852 Anna
1794 2811 1905 2852 virum

1170 2872 1350 2930 cognoverit
1373 2900 1383 2917 ‚
1405 2869 1466 2926 fid
1488 2868 1610 2927 gaudet
1628 2898 1638 2915 ‚
1679 2869 1764 2926 quid
1784 2869 1904 2924 saluto}

1162 2933 1229 2988 fhae
1250 2929 1376 2986 causum
1387 2929 1563 2985 ficsceperit.
1594 2936 1632 2971 &⁴
1651 2930 1725 2985 quia
1746 2927 1904 2984 compellor

1172 2990 1273 3030 dicere
1285 3018 1294 3034 ,
1325 3004 1387 3028 non
1395 2987 1538 3027 humores
1550 2987 1700 3035 Joachim
1718 2999 1906 3026 veneratur:

1165 3048 1226 3105 fid
1239 3048 1315 3104 quia
1339 3047 1526 3101 MARIA
1541 3056 1685 3101 concepta
1698 3043 1765 3099 fit,
1789 3056 1906 3098 gratu-

1175 3108 1265 3146 latur
1289 3132 1300 3149 ‚
1331 3106 1419 3160 cujus
1444 3104 1651 3160 Conceptiomis
1671 3106 1908 3142 Sacramentum

1177 3164 1328 3221 inspiritu
1342 3161 1527 3219 praevidens
1544 3161 1643 3217 Isium
1662 3160 1726 3201 ait:
1748 3156 1905 3215 Egredie-

1824 3226 1880 3259 Cu?
