2159 3508
61 292 188 350 454·

57 2893 185 2967 456·

786 54 1110 142 Conceptus
1165 56 1341 123 LXV.

397 188 434 240 §.
462 181 514 235 6.
554 182 851 258 Antiquitas.

267 302 517 348 ForMosVs
535 302 737 349 CarCerI
757 298 990 346 traDItVS.

236 402 483 503 TEmpus
494 412 595 445 erat,
625 414 704 455 quo
718 403 888 447 Nicaeas,
925 406 1025 456 peri-

366 459 518 500 tiffimus
536 457 826 500 Atheniensium
851 457 1022 504 Consul,

235 533 282 559 ac
301 517 422 558 custos
448 516 596 572 justitiae
621 517 872 558 tenaciffimus
903 521 924 569 (
935 517 1024 567 TeJle

236 576 437 628 Plutarcho)
462 588 610 615 certum
619 576 815 629 quendam
828 576 1022 628 juvenem,

234 632 357 692 gravis
368 632 561 688 cujusdam
577 630 720 673 sceleris
731 648 837 674 reum
848 633 1023 687 inaudijt:

235 708 352 748 quern
366 691 526 749 proinde
551 693 592 729 il]
605 691 789 745 judicium
815 705 996 733 vocatum
1011 720 1023 738 ,

237 767 282 793 ac
297 751 382 808 post
415 749 584 791 strictum
614 764 778 791 examen
800 779 811 797 ‚
840 749 1024 790 delictum

236 808 343 851 suum
377 809 514 865 jugiter
563 807 797 855 confessum,
825 812 1022 849 teterrimo

233 867 383 908 addixit
409 870 575 912 carceri,
604 873 644 908 &
671 866 754 908 vilis
776 866 890 907 instar
913 882 1025 907 man·

234 928 344 981 cipij‚
379 924 428 966 eo
443 923 633 966 detrusum
650 925 784 966 haberi
793 926 900 980 juffit.
934 927 1025 966 Erat

231 987 469 1039 caeteroquin
490 999 574 1025 reus
614 983 679 1024 hic
698 986 842 1038 juvenis
883 983 1019 1025 admo-

230 1042 328 1083 dum
341 1041 548 1088 formosus,
579 1057 623 1083 ac
642 1042 801 1083 insolitae
823 1042 1021 1096 cujusdam

229 1101 461 1142 venustatis:
494 1115 610 1155 quam
632 1101 765 1156 reliqui
787 1100 886 1142 forte
910 1103 1022 1142 Con-

228 1158 350 1215 filiarij
377 1157 678 1216 conspicientes,
714 1160 762 1201 sic
792 1158 871 1200 suas
916 1159 1018 1216 apud

229 1218 409 1259 Nicaeam
438 1233 568 1274 preces
598 1221 830 1259 unanimiter
850 1221 1022 1274 interpo-

230 1275 412 1317 nebant:
451 1277 614 1318 Nicaea!
658 1276 782 1328 Judex
818 1276 1021 1331 aequiffirne

229 1338 395 1391 pariter,
426 1332 758 1391 acsapientiffime!
795 1335 888 1389 quid
904 1338 982 1390 agis
1009 1347 1021 1375 .>

229 1408 298 1432 cur
319 1392 505 1448 elegantis
530 1391 629 1432 adeo
656 1392 791 1448 speciei
811 1394 991 1446 juvenem
1008 1418 1021 1435 2

229 1449 433 1505 squallenti
455 1464 605 1491 carcere
636 1449 804 1490 clausum
847 1453 987 1490 retines
1008 1462 1019 1490 ‚2

228 1509 406 1550 Peccavit
419 1507 520 1550 forte
533 1520 544 1548 .>
556 1507 629 1549 Sed
639 1523 732 1549 auro
740 1506 1027 1549 dissolvendum

228 1565 374 1608 serrum
403 1593 416 1612 ,
451 1568 621 1623 pecunijs
647 1565 802 1608 vincula
829 1566 1022 1607 redimen-

229 1625 302 1673 da,
332 1639 458 1680 neque
478 1628 584 1666 enirn
594 1625 758 1682 dignum
779 1624 891 1666 nobis
917 1625 1024 1667 vide-

229 1696 318 1730 tur,
350 1697 392 1724 ut
413 1696 522 1724 tanta
542 1683 676 1724 formae
699 1682 910 1740 elegantia,
937 1698 1024 1738 quae

231 1756 340 1782 reum
367 1742 472 1783 hunc
508 1741 807 1798 praestantiffime
832 1755 995 1783 exornat
1010 1771 1022 1789 ,

229 1798 331 1841 adeo
354 1799 519 1841 obscuris
537 1803 647 1842 arc‘tae
661 1800 843 1842 custodiae
854 1799 1025 1842 tenebris

230 1857 512 1900 abscondatur:
542 1861 663 1900 Dona
692 1873 786 1917 ergo
815 1858 952 1899 nostris
977 1857 1022 1899 il-

231 1916 314 1958 lum
348 1916 548 1974 precibus,
591 1923 632 1960 &
673 1931 792 1972 quern
818 1917 1018 1959 damnavit

230 1975 354 2031 culpae
383 1978 545 2033 gravitas
555 2002 566 2020 >
599 1975 767 2017 formosa
786 1976 925 2032 species
953 1975 1020 2016 ab-

231 2032 370 2075 solvat!
397 2034 530 2088 Audijt
549 2036 702 2076 Nicaeas
724 2037 939 2075 amicorum
959 2037 1018 2075 in·

229 2095 538 2138 terventionem,
571 2099 612 2135 ὅ(
626 2093 678 2134 ob
689 2093 855 2134 eandem
875 2096 1019 2150 captivi

228 2149 376 2206 juvenis
391 2151 578 2208 insignem
603 2151 930 2208 pulchritudinem
952 2180 964 2198 ‚
994 2150 1017 2192 ὲ

229 2224 382 2250 carcere
401 2208 513 2250 illum
529 2213 769 2266 quantocyus
787 2210 899 2252 educi
909 2224 1018 2253 cura·

1075 157 1149 200 vit,
1180 168 1227 194 ac
1249 154 1485 207 „indemnem
1509 156 1675 214 pristinae
1700 158 1865 203 libertati

1075 211 1239 253 asseruit.

1162 271 1370 326 Qisjam,
1396 271 1553 313 obsecro
1568 302 1578 318 ‚
1601 269 1864 330 pulchriorem

1074 340 1246 382 unquam
1266 329 1403 370 viderit
1451 345 1664 375 ereaturam
1695 364 1704 381 ,
1745 335 1863 390 quam

1074 389 1197 442 Virgo
1235 385 1348 428 fuerit
1382 389 1593 431 Beatiffima
1624 421 1634 438 ,
1678 395 1863 434 Numinis

1076 443 1289 500 digniffima
1301 461 1435 501 parens
1447 459 1458 486 .>
1488 448 1622 488 nonne
1643 450 1725 495 hcec
1735 468 1783 492 ex
1794 468 1863 492 ore

1074 504 1251 559 Gregorij
1278 504 1489 551 Nicomed,
1518 511 1609 546 Orat.
1633 503 1671 547 de
1681 510 1786 549 oblat.
1809 509 1865 551 est

1065 560 1268 616 pulchritudo
1305 559 1518 626 pulcherrima
1564 565 1809 621 pulchritudinis
1848 597 1862 614 ‚

1066 618 1271 674 pulchrorum
1283 621 1585 676 ommumfitmmum
1607 639 1826 665 ornamentum
1837 622 1864 665 ,Ρ

1073 676 1208 716 nonne
1225 676 1308 718 haec
1326 677 1391 719 illa
1412 679 1615 735 pulchritudo
1640 681 1864 732 admirabilu,

1072 750 1168 791 quam
1193 736 1332 785 (Teste
1358 737 1551 778 Tuitiensi
1579 739 1711 781 nostro
1735 742 1866 783 Abba-

1073 807 1124 839 te,
1137 792 1160 832 l.
1175 808 1202 843 3.
1219 796 1260 833 in
1273 797 1389 836 Cant.
1409 801 1420 843 )
1439 795 1637 844 admiratur,
1657 806 1695 841 (φ
1707 800 1867 841 collaudat

1073 851 1204 891 Author
1228 852 1288 908 ipse}
1322 849 1614 909 pulchritudinis?
1651 858 1784 899 nonne
1815 859 1866 899 de

1073 912 1240 956 Mum,
1271 910 1397 952 multo
1415 912 1555 968 magis,
1584 914 1699 968 quam
1723 917 1771 957 de
1784 914 1865 958 Est-

1074 968 1163 1008 here
1185 984 1255 1009 c.2.
1282 986 1314 1010 v.
1331 985 1377 1023 15.
1409 971 1485 1011 dici
1506 973 1631 1027 potest
1651 991 1657 1012 :
1694 976 1866 1029 Eratfor-

1070 1026 1153 1081 mostz
1178 1026 1277 1067 ’ναίάὲ
1307 1057 1318 1074 ,
1360 1037 1398 1070 ώ-
1419 1029 1593 1069 incredibili
1611 1032 1865 1087 pulchritudine,

1071 1086 1208 1124 omnium
1231 1087 1326 1125 oculis
1337 1087 1489 1142 gratiofiz,
1503 1096 1565 1129 &a
1586 1091 1610 1128 ,Ρ
1640 1090 1686 1129 de
1701 1106 1773 1145 qua
1788 1092 1865 1147 ipse:

1070 1146 1187 1184 etiam
1205 1144 1380 1185 Coclestis
1403 1145 1564 1200 Sponsus
1597 1147 1865 1191 testimonium

1069 1201 1269 1257 perhibet,
1300 1203 1451 1243 dicens:
1485 1205 1569 1243 'Iota
1575 1207 1710 1261 pulchra
1735 1224 1767 1246 es
1783 1210 1866 1248 ami-

1070 1276 1108 1299 ca
1128 1277 1198 1299 mea
1212 1290 1222 1306 ,
1256 1268 1294 1303 ὠ·
1314 1262 1443 1301 macula
1462 1277 1523 1300 nort
1547 1264 1587 1316 est
1606 1265 1639 1302 in
1658 1279 1697 1304 te.
1725 1270 1761 1308 Si
1774 1267 1868 1323 ergo

1070 1319 1277 1374 indignum
1314 1319 1546 1360 aestimzlrunt
1573 1322 1824 1365 Athenienses
1857 1354 1869 1371 ,

1070 1375 1494 1431 formoffimjuvenem,
1527 1379 1702 1433 quamvis
1727 1397 1870 1438 praeva-

1069 1437 1275 1474 ricatorem
1293 1463 1303 1480 ,
1332 1439 1474 1475 carceri
1499 1437 1596 1476 tradi
1620 1467 1630 1483 ‚
1662 1453 1745 1479 non
1767 1441 1872 1483 certe

1072 1491 1250 1535 decebit,
1281 1506 1324 1532 ut
1350 1522 1360 1539 ‚
1403 1509 1470 1549 per
1505 1498 1710 1536 minimam
1753 1503 1872 1541 etiam

1074 1554 1256 1606 temporis
1278 1551 1523 1606 particulam,
1555 1557 1704 1610 captiva
1728 1555 1865 1600 satanze

1071 1610 1248 1650 credatur
1260 1612 1404 1666 Virgo,
1436 1625 1521 1664 quae
1540 1625 1608 1651 tota
1624 1613 1760 1668 pulchra
1779 1644 1790 1660 ‚
1823 1631 1868 1656 ac

1061 1667 1223 1723 fcarmofh,
1255 1667 1393 1709 nullius
1412 1683 1584 1723 unquam
1608 1671 1793 1720 maculae,
1824 1688 1871 1716 ac

1071 1728 1395 1783 praevaricationis
1417 1730 1607 1785 particeps
1621 1728 1699 1770 fuit.

1212 1848 1253 1901 δ.
1269 1856 1320 1909 7.
1352 1842 1714 1917 Anagramma.

1150 1935 1289 1981 ECCe
1310 1968 1324 1991 ‚
1358 1938 1568 1996 parItVra
1594 1941 1787 1999 AgnVM

1386 2008 1433 2051 D
1455 2017 1480 2047 E
1504 2005 1546 2052 l!

1066 2087 1124 2128 En
1125 2089 1276 2146 paritura
1285 2107 1318 2131 es
1328 2077 1461 2148 Agrium
1472 2091 1536 2131 Dei
1544 2119 1555 2137 ‚
1580 2096 1607 2131 O
1624 2091 1836 2133 immaculata
1847 2094 1862 2134 .'

1295 2150 1428 2193 Versio
1448 2149 1619 2190 litteralis

1065 2207 1148 2249 Ave
1157 2207 1293 2254 Maria,
1303 2208 1534 2266 gratidplmffi
1552 2208 1712 2250 Dominus
1730 2221 1846 2252 tecum.

417 2505 567 2585 De)
596 2504 971 2614 Concept&
1046 2500 1258 2584 Saos&
1342 2501 1676 2610 Deipara,

537 2655 1166 2729 CONCEPTU
1188 2652 1233 2721 S
1320 2649 1588 2726 LXVI.

368 2781 372 2784 .
431 2813 472 2870 §.
497 2820 534 2860 Ι.
572 2806 828 2881 Scriptura.

265 2896 486 2948 ILLIbata
508 2904 705 2962 Delpara
720 2936 735 2959 ‚
770 2905 988 2954 LILIVM

472 2973 597 3018 Inter
621 2970 784 3033 splnas.

233 3056 349 3099 Cant.
372 3072 404 3097 c.
418 3072 448 3097 2.
471 3072 504 3099 v.
519 3073 547 3097 2.
578 3057 664 3098 Sicut
673 3057 796 3100 Litium
807 3054 994 3118 imerspincu
1005 3084 1020 3107 ,

285 3114 333 3172 fic
342 3116 444 3160 amica
465 3131 536 3159 mea
557 3115 638 3158 inter
647 3116 759 3175 Hliaf,

1096 2784 1101 2786 ’
1210 2776 1280 2817 On
1302 2772 1458 2816 iffierito
1471 2774 1630 2832 quidem
1652 2806 1664 2823 ,
1693 2773 1810 2818 Sacris
1824 2781 1867 2821 in

1073 2780 1205 2915 N
1240 2835 1434 2879 Canticis,
1466 2835 1623 2876 dilectus
1640 2836 1868 2878 Paradifisu-

1238 2906 1414 2947 premam
1438 2896 1571 2935 amicae
1589 2922 1601 2940 ,
1635 2908 1680 2933 ac
1711 2893 1866 2963 Sponsae

1068 2942 1142 2989 suae
1179 2952 1384 3003 puritatem
1418 2948 1652 2997 demiratur,
1684 2954 1802 3010 inque
1819 2953 1866 2995 ea

1067 3004 1216 3046 iumme
1237 3006 1466 3055 delcetatus,
1501 3008 1733 3052 suaveolenti
1755 3010 1866 3053 illam

1070 3061 1174 3105 Lilio
1201 3068 1417 3121 componit,
1444 3065 1466 3107 ὲ
1491 3075 1656 3110 cruentis
1673 3068 1865 3125 spinarum

1071 3118 1210 3163 aculeis
1224 3136 1417 3182 prognato
1427 3152 1439 3172 2
1466 3127 1669 3184 gratiffimfi
1681 3138 1771 3168 curn
1779 3143 1862 3168 mes

1700 3186 1840 3242 taphoff

1532 3311 1606 3355 (N

1537 3352 1606 3385 ψ]

1883 1996 2002 2053 453·
