2159 3508
329 108 346 149 1
376 93 405 149 8

347 106 373 165 3
461 202 497 253 §.
519 207 568 248 2.
611 192 908 246 Authoritas.

682 85 776 146 De
796 81 1087 160 concepta
1108 80 1263 142 Sacra
1283 76 1537 155 Deipara.

1127 167 1221 215 lius,
1252 171 1292 208 in
1332 170 1500 210 Civitate
1534 165 1752 222 Aquilaria,
1783 158 1913 204 habita

1125 227 1328 281 quondam
1339 227 1387 266 ad
1403 224 1589 282 populum
1599 225 1816 266 exhortatio
1826 250 1837 266 >
1873 220 1911 259 id

118 271 245 329 282·
287 280 551 351 EVthleII
600 284 671 328 De
717 281 1072 343 ConCeptlonC
1124 284 1290 325 studiose
1300 284 1583 341 persuadentis,
1615 296 1655 323 ut
1673 280 1832 322 inomni
1846 282 1911 319 tri-

583 354 771 413 opInIo.

283 435 470 490 MARIA
483 434 524 489 est
539 434 635 474 altior
648 463 659 481 ,
689 443 729 478 ώ-
741 432 883 491 sicperior
904 432 1021 491 qud‘rv's
1039 447 1074 472 re

339 492 468 538 creatd,
498 507 565 532 tam
599 508 665 549 quae
686 493 748 549 fich
779 492 934 548 aspeffum
967 490 1073 535 cadit,

342 550 438 608 qudm
449 566 514 607 quae
523 550 691 596 nonfcadit,
706 567 772 608 quae
784 552 920 607 cstpuras
932 548 1074 605 impollu-

342 623 392 654 ta,
410 610 549 654 intaela,
571 609 685 649 Patris
701 638 710 655 ‚
726 610 781 665 qui
795 625 849 648 nec
859 607 966 648 wideri
977 634 987 650 ‚
1018 623 1074 647 nec

341 666 556 724 comprehendi
556 667 655 723 1²0²ss
664 696 675 713 ,
691 667 732 706 ab
748 668 835 706 omni*
849 664 1074 723 reprehensione

340 725 466 771 aliena,
489 732 528 768 (α’
536 725 749 781 pulcherrima
769 725 895 781 Sponfiz.
956 726 1068 764 Orat.

339 785 381 823 in
396 782 666 825 adorationem
677 799 802 825 vener.
816 785 937 824 Zonae
953 784 1071 838 Deip.

337 856 372 882 c.
385 845 415 883 8.

503 924 543 976 ς,
571 926 610 985 3.
641 917 822 977 Ratio.

350 1016 667 1075 ReDeMptIo,
703 1016 833 1073 pLVs
849 1014 1002 1059 VaLet

541 1085 810 1132 Creatlone.

280 1166 578 1267 REdemptio
587 1168 735 1222 generis
743 1164 903 1205 humani
916 1164 1072 1218 majoris

390 1225 445 1266 est
456 1224 693 1265 excellentiae
708 1252 720 1269 ,
751 1221 869 1277 quam
892 1224 971 1278 ejus
990 1238 1071 1264 cre-

278 1287 379 1329 ati03
409 1281 650 1325 cuminum,
681 1295 905 1322 nonautem
920 1285 961 1321 in
973 1282 1046 1322 hac
1057 1310 1069 1328 ,

278 1340 452 1385 Verbum
464 1343 657 1382 Divinum
677 1355 767 1380 caro
782 1339 923 1379 facium
941 1339 1066 1386 fuerit,

277 1406 319 1442 &
336 1415 428 1456 pura
447 1412 619 1440 creatura
642 1402 682 1439 in
698 1401 867 1439 Matrem
883 1400 975 1438 DEI
990 1397 1067 1438 ele-

276 1461 358 1504 eta,
392 1464 431 1499 &
452 1456 649 1513 praeelecla
664 1486 674 1503 ‚
705 1455 810 1512 supra
831 1470 968 1497 omnes
991 1457 1065 1497 ho-

273 1520 400 1557 mines
412 1545 421 1562 ‚
453 1522 492 1558 &
504 1516 656 1556 Choros
667 1514 906 1570 Angelorum
920 1514 1064 1556 exalta-

273 1589 315 1616 ta
334 1574 456 1615 fuerit.
514 1573 588 1614 Sed
623 1573 649 1613 fi
683 1576 798 1615 Beata
830 1575 952 1629 Virgo
971 1601 983 1619 ,
1019 1586 1062 1614 ut

270 1647 414 1674 omnes
433 1629 566 1685 reliqui
590 1632 789 1677 homines,
818 1630 1062 1674 contraxisset

272 1689 674 1750 peccatumoriginale
695 1719 708 1736 ,
738 1688 814 1745 ipsa
829 1691 985 1730 Creatio
995 1704 1062 1730 ex-

272 1750 430 1790 cederet
459 1752 502 1789 in
533 1747 766 1805 perfectione
804 1746 1061 1804 Redemptio-

275 1822 382 1852 nem.
424 1808 526 1863 Ergo
541 1810 657 1848 Beata
676 1809 800 1862 Virgo
810 1821 892 1847 non
904 1820 1059 1847 contra.

272 1872 331 1907 xit
353 1880 554 1922 peccatum
576 1863 786 1921 Originale.
830 1867 929 1906 Min.
943 1864 1057 1912 Prob.

272 1926 422 1966 Natura
444 1926 657 1980 primorum
673 1922 890 1964 nostrorum
919 1937 1056 1979 paren-

271 1996 356 2023 tum
381 1982 453 2023 fuit
476 1995 624 2028 creata,
656 1981 769 2022 nullis
791 1982 1055 2023 antecedenti-

270 2041 340 2082 bus
367 2043 530 2086 meritis,
562 2040 639 2080 fine
669 2054 830 2096 peccato
854 2069 865 2087 ,
903 2044 943 2080 in
971 2055 1056 2097 gra-

270 2099 352 2140 tia:
385 2104 439 2140 Ut
464 2113 557 2154 ergo
587 2098 676 2139 huic
711 2098 946 2139 excellentiae
977 2101 1057 2140 Re-

270 2159 448 2214 demptio
471 2170 690 2211 coaequetur
708 2186 718 2204 ‚
752 2156 812 2198 vel
832 2170 874 2197 ut
898 2171 985 2197 eam
1007 2156 1063 2198 su-

271 2230 378 2273 peret
393 2245 404 2262 ,
435 2214 565 2257 salvari
580 2215 687 2255 aliter
709 2230 791 2255 non
814 2214 938 2271 potest
953 2244 964 2261 ,
994 2216 1062 2255 nifi

269 2290 337 2330 per
347 2274 424 2314 hoc
440 2303 451 2320 ,
481 2273 588 2328 quod
609 2277 725 2313 etiam
745 2272 873 2328 aliqua
894 2286 1062 2315 creatura

271 2331 385 2373 fuerit
416 2332 615 2388 redempta
631 2360 642 2377 ‚
674 2332 943 2387 redemptione
966 2347 1060 2388 prae-

271 2389 453 2432 servativa>
480 2419 490 2435 ,
521 2405 568 2430 ex
599 2393 743 2430 meritis
782 2390 950 2436 Christi,
982 2390 1059 2432 fine

272 2462 432 2506 peccato
447 2477 458 2493 ,
490 2451 530 2487 in
542 2447 663 2504 gratia
674 2478 684 2494 ‚
716 2448 828 2489 nullis
840 2449 1061 2504 praeceden-

270 2507 368 2549 tibus
397 2508 555 2563 proprijs
586 2510 740 2547 meritis.
800 2506 873 2548 Sed
893 2507 918 2546 fi
944 2510 1059 2549 Beata

268 2570 390 2622 Virgo
414 2563 658 2605 contraxisset
670 2578 875 2621 peccatum
893 2569 1060 2621 origina-

272 2623 330 2670 le,
371 2622 475 2663 nulla
507 2621 669 2677 amplius
693 2636 864 2664 creatura
889 2624 1059 2680 affignari

271 2681 402 2738 pollet,
428 2695 512 2735 quae
528 2679 637 2721 simili
649 2681 771 2723 modo
779 2680 869 2722 esset
882 2682 1058 2740 redemp-

271 2754 318 2782 ta.
358 2742 460 2796 Ergo
477 2745 552 2781 &a

479 2814 519 2882 ᾧ.
534 2828 585 2883 4.
608 2814 836 2886 I-Izstoria.

100 2918 226 2982 284,
271 2909 480 2970 QVaequ
506 2940 521 2959 ,
560 2905 622 2954 ob
659 2906 892 2953 honoreM
929 2907 1060 2956 Con.

408 2980 658 3037 Ceptlonls
671 3009 686 3029 ,
714 2980 914 3024 oranDa.

271 3060 544 3163 LAudanda
572 3058 839 3116 summopere,
880 3075 925 3101 ac
949 3058 1062 3101 valde

382 3117 609 3160 celebranda
617 3118 682 3165 est,
707 3117 1060 3161 Concionatorisil-

1120 342 1319 383 bulatione
1331 371 1342 389 ,
1366 342 1569 384 Auditores
1581 340 1831 381 Beatiffimam
1842 339 1908 378 de-

1121 414 1365 457 precarentur
1383 404 1587 456 Virginem
1599 429 1610 445 ,
1640 400 1827 452 quatenus
1842 410 1909 436 eos

1122 458 1282 500 liberare
1294 460 1484 516 dignetur,
1501 458 1552 498 ob
1564 459 1756 497 honorem
1769 484 1779 500 ‚
1796 469 1841 495 ac
1852 469 1910 494 re-

1122 521 1335 559 verentiam
1360 516 1617 557 immaculatae
1637 516 1707 555 suae
1727 515 1910 567 Concep-

1121 578 1249 616 tionis.
1306 578 1472 632 Experta
1483 574 1537 615 est
1558 573 1744 614 salubrem
1764 572 1912 612 Conci-

1121 636 1208 674 onis
1221 633 1331 689 hujus
1353 632 1531 674 effectum
1553 631 1691 672 mulier
1707 630 1909 685 quaedam,

1119 705 1206 746 quae
1216 692 1329 733 finito
1350 706 1431 733 tam
1450 695 1654 736 Sermone,
1684 687 1802 743 quam
1822 686 1909 727 reli-

1119 764 1201 803 quo
1224 751 1375 792 Divino
1396 749 1525 791 officio
1549 779 1560 795 ‚
1595 749 1760 789 domum
1784 760 1908 787 rever-

1119 806 1156 847 sa
1174 836 1183 852 ‚
1215 806 1338 849 filium
1357 808 1412 849 ibi
1437 807 1564 854 suum,
1596 821 1713 861 quem
1748 807 1907 845 unicum

1120 863 1288 906 habebat
1303 896 1313 913 ,
1342 866 1443 921 furijs
1453 865 1614 923 plenum
1631 867 1799 909 invenit,
1830 862 1910 918 gla-

1121 922 1191 964 dio
1203 923 1374 965 distriCto
1398 924 1613 980 sibimetipsi
1632 937 1771 963 necem
1792 920 1908 961 infer-

1121 995 1162 1021 re
1172 996 1366 1037 paratum:
1399 981 1448 1024 eo
1472 997 1613 1038 nempe
1646 981 1806 1021 nefarius
1841 978 1907 1018 ille

1120 1038 1247 1081 homo
1257 1040 1528 1098 desperationis
1543 1041 1758 1082 devenerat.
1797 1036 1907 1093 Qid

1121 1096 1187 1138 hic
1216 1099 1331 1154 plena
1355 1113 1496 1140 terrore
1531 1113 1654 1139 mater
1680 1110 1690 1138 ἓ
1740 1096 1907 1137 clamare

1121 1155 1224 1197 certe
1236 1157 1312 1204 illa,
1333 1174 1377 1198 ac
1389 1158 1582 1198 obsecrare
1595 1186 1605 1202 ‚
1622 1171 1670 1196 ne
1687 1160 1724 1195 in
1747 1156 1907 1196 DEUM

1117 1214 1248 1261 fimul,
1282 1231 1327 1256 ac
1341 1220 1379 1255 in
1393 1215 1549 1272 seipsum
1570 1217 1729 1270 impius,
1759 1213 1908 1255 violen-

1118 1286 1172 1313 tas
1187 1274 1324 1314 inferat
1335 1289 1470 1314 manus
1486 1277 1573 1315 vitae
1586 1303 1596 1319 ‚
1627 1275 1729 1327 cujus
1744 1287 1825 1312 non
1837 1271 1909 1311 ha-

1117 1330 1224 1372 beret
1242 1332 1474 1373 dominium.
1533 1334 1630 1373 Non
1647 1331 1752 1371 audit
1775 1344 1907 1371 tamen

1115 1403 1308 1432 maternas
1333 1406 1461 1447 preces
1490 1389 1645 1431 furiosus
1668 1389 1763 1430 filius
1778 1418 1789 1434 ,
1821 1387 1904 1428 imo

1113 1446 1285 1503 gladium
1310 1449 1402 1489 hinc
1426 1448 1517 1488 inde
1541 1447 1741 1488 discutiens
1756 1475 1767 1493 ,
1796 1450 1836 1486 in
1847 1446 1907 1486 fu,

1111 1520 1204 1561 garn
1228 1506 1263 1547 se
1286 1510 1432 1563 recipit.
1463 1506 1526 1546 sed
1570 1511 1679 1547 ecce!
1709 1505 1900 1546 currendo

1110 1567 1274 1611 corruit,
1304 1564 1493 1621 speetante
1509 1579 1651 1610 matre,
1682 1571 1722 1606 ὅ(
1742 1563 1902 1618 quidem

1109 1620 1216 1677 super
1226 1622 1347 1679 ipsum
1362 1622 1554 1679 gladium,
1583 1638 1700 1677 quem
1712 1622 1759 1662 ad
1771 1624 1901 1678 peetus

1110 1680 1277 1736 positum
1288 1680 1511 1722 furibundus
1522 1694 1712 1726 tenuerat,
1736 1680 1900 1736 proster-

1111 1741 1223 1779 nitur.
1281 1742 1360 1783 Vix
1372 1739 1496 1780 casum
1506 1738 1643 1779 mulier
1655 1737 1867 1780 observavit
1887 1767 1897 1783 ,

1107 1798 1199 1838 cum
1218 1796 1347 1840 statim
1359 1827 1370 1844 ‚
1400 1811 1534 1838 mente
1559 1798 1608 1838 ad
1628 1800 1718 1838 MA
1731 1799 1768 1839 R
1780 1799 1795 1836 I
1807 1798 1897 1837 AM

1106 1853 1252 1896 elev-ata
1267 1861 1279 1906 (
1296 1855 1369 1897 uta
1384 1858 1676 1898 Concionatore
1688 1854 1818 1912 paullo
1830 1870 1898 1895 an-

1106 1912 1144 1953 te
1160 1913 1367 1964 didicerat)
1383 1915 1435 1955 ob
1451 1915 1655 1960 honorem,
1669 1930 1712 1955 ac
1721 1929 1898 1955 reveren—

1104 1974 1198 2013 tiam
1212 1972 1469 2013 immaculatae
1491 1971 1560 2013 suae
1575 1975 1860 2028 Conceptionis
1885 2002 1896 2018 ‚

1102 2030 1270 2071 eandem
1287 2035 1457 2088 rogavit,
1487 2046 1528 2071 ut
1543 2031 1564 2072 a
1580 2045 1690 2071 tanto
1713 2045 1796 2071 tum
1812 2047 1898 2072 cor-

1103 2091 1226 2144 poris,
1257 2103 1341 2130 tum
1384 2094 1525 2130 animae
1565 2088 1760 2145 periculo,
1790 2088 1896 2130 suum

1113 2146 1321 2188 defendere
1356 2147 1478 2188 filium
1497 2174 1508 2190 ,
1550 2151 1612 2204 pia
1640 2151 1768 2188 Mater
1812 2148 1896 2204 dig-

1113 2219 1274 2246 naretur.
1336 2208 1424 2246 Nec
1446 2204 1548 2246 certe
1578 2210 1702 2246 inanis
1720 2205 1790 2245 fuit
1811 2221 1896 2261 per-

1112 2262 1234 2304 soluta
1289 2263 1342 2305 ob
1381 2264 1576 2305 honorem
1613 2267 1895 2319 Conceptionis

1111 2325 1256 2369 orati0;
1287 2326 1379 2364 cum
1403 2326 1510 2363 enim
1527 2321 1673 2378 gladius
1689 2326 1822 2363 omnia
1833 2338 1898 2364 ve-

1108 2379 1308 2427 stimenta,
1340 2380 1421 2422 imo
1460 2387 1502 2423 ὅ(
1539 2380 1730 2421 indusium
1779 2396 1897 2437 pene-

1109 2437 1254 2485 trasset,
1284 2438 1410 2494 ficc‘lue
1440 2440 1490 2480 ad
1510 2439 1656 2479 nudam
1680 2439 1792 2494 usque
1815 2425 1909 2480 cars

1108 2511 1200 2537 nem
1221 2497 1393 2538 cadentis
1417 2497 1483 2552 filij
1499 2496 1767 2553 pertransisset,
1798 2497 1898 2539 adeo

1108 2553 1178 2595 sese
1189 2555 1391 2597 confestim
1406 2556 1569 2601 reflexit,
1605 2569 1647 2596 ut
1667 2555 1896 2597 molhffimae

1107 2612 1222 2653 instar
1243 2629 1339 2655 cerae
1349 2613 1521 2658 effeetus,
1552 2613 1601 2654 ad
1616 2628 1697 2654 tam
1718 2627 1896 2670 potentes

1106 2675 1236 2712 matris
1257 2673 1307 2713 ad
1325 2674 1547 2714 MARIAM
1567 2687 1717 2727 preces,
1748 2671 1896 2715 nullam

1107 2728 1247 2771 furenti
1259 2730 1341 2770 filio
1357 2731 1550 2771 laesionem
1573 2729 1752 2770 intulerit.
1816 2732 1895 2770 No-

1178 2789 1333 2836 varinus,
1348 2788 1471 2829 umbra
1487 2789 1614 2844 Virgin.
1629 2804 1752 2831 excurs.
1767 2805 1823 2837 17.

1407 2848 1530 2904 pagina
1550 2856 1602 2895 0‘3.

1468 2960 1526 2983 ff*

1486 2997 1506 3018 ἢ(

1793 3185 1828 3228 §.
1843 3193 1869 3229 5.
