2159 3508
808 74 1134 157 Conceptus
1216 73 1401 135 XLIII.

424 209 465 276 §.
488 222 541 266 2.
575 208 875 262 Authoritas.

74 299 209 372 296,
245 308 286 353 S.
299 307 624 370 FVLgentIVs,
640 303 866 353 Constans
885 306 1042 351 MarIae

426 374 451 423 ὲ
479 373 597 423 Labe
615 372 858 422 Defensor.

247 481 273 506 1.
307 465 456 505 Primum
467 464 620 504 hominem
637 461 751 501 mulier
771 459 920 517 corrupta*
939 471 1041 498 mente

302 523 422 580 decepit
442 540 453 562 .-
459 521 631 578 ficundum
641 520 745 576 Virgo
759 518 942 574 incorrupta*
952 522 993 558 V
994 518 1040 557 ir-

299 583 440 640 ginitate
454 580 614 635 concepit:
645 578 678 617 in
693 579 795 635 primi
815 576 952 616 hominis
971 592 1043 616 con-

300 645 379 697 juge
393 668 404 687 ‚
443 638 586 695 nequitia
609 634 730 675 diaboli
744 635 911 692 ftduiiam
932 634 1046 691 depra-

303 699 407 740 vavit
427 711 560 737 mentem
574 711 585 734 .·
625 695 658 734 in
662 693 792 750 secundi
805 692 940 733 hominis
955 696 1045 732 “Assa-

303 772 364 803 tre,
381 756 493 812 gratia
506 756 604 792 DEI
616 768 750 792 mentem
769 754 926 809 integram
929 752 1048 808 strava-

303 817 368 862 vic,
385 822 422 857 εἰς
438 829 576 853 carnem.
610 815 731 858 Serm,
746 811 794 852 de
809 809 917 867 dupl.
930 811 1046 853 Chri-

305 873 349 914 sti
383 874 422 911 N
427 877 511 912 ativ.

247 948 276 973 2.
309 931 382 971 Cicm
402 930 549 986 Angelus
565 928 670 968 dixit:
707 929 800 970 Ave,
813 925 1044 966 Salutationem

300 990 346 1030 illi
357 988 505 1044 Caelcflem
516 987 680 1033 exhibuit,
713 986 781 1026 ciam
794 984 906 1024 dixit:
931 984 1045 1040 gratia*

295 1048 418 1106 plena,
450 1045 578 1103 ostendit
596 1063 639 1086 ex
648 1046 767 1102 integro
788 1045 870 1084 iram
885 1044 1044 1100 exclusam

296 1106 580 1165 primaesententiaei
643 1107 709 1146 De
723 1102 825 1144 laud.
843 1105 949 1159 Virg.

475 1207 512 1258 §.
535 1207 576 1268 3.
613 1197 797 1261 Ratio.
837 1228 840 1229 ν

79 1316 218 1376 297.
240 1316 415 1363 Carens
451 1314 634 1363 effectu
657 1314 871 1375 peCCatI
888 1344 904 1368 ‚
941 1325 1042 1358 non

413 1385 544 1434 feCIt
560 1387 863 1446 peCCatVM.

335 1474 379 1512 Bi
412 1473 541 1513 omnis
566 1469 720 1511 effeetus
757 1466 876 1509 causae
913 1466 1040 1513 deest,

241 1480 333 1579 U
356 1529 464 1571 causa
483 1529 560 1586 ipsa
572 1527 694 1570 deesse
704 1527 876 1569 cenletur
894 1545 900 1567 :
933 1529 1041 1582 atqui

241 1592 286 1631 in
312 1588 526 1631 Beatiffima
537 1591 700 1646 Virgine
729 1588 858 1628 omnis
887 1583 1042 1627 effectus

244 1651 395 1706 peccati
407 1646 604 1705 originalis
638 1645 767 1687 deest:
800 1647 904 1702 Ergo
923 1647 1043 1686 etiam

246 1707 369 1764 ipsum
387 1721 591 1764 peccatum
602 1703 793 1763 originale
813 1700 935 1746 deesse
947 1718 1040 1745 cen·

245 1766 408 1808 fiendum
422 1766 489 1807 est.
520 1768 619 1807 Min.
631 1761 744 1806 Prob.
775 1760 938 1804 Effieei-us
948 1776 1039 1820 pec—

247 1829 325 1866 cati
337 1824 531 1882 originalis
542 1823 627 1865 sunt
644 1826 754 1865 Mors
765 1852 776 1869 ,
807 1824 1039 1865 incineratio

244 1887 416 1940 corporis
433 1914 442 1930 ,
461 1882 620 1924 rebellio
631 1882 822 1939 appetitus
834 1895 972 1923 contra
984 1896 1041 1923 ra-

243 1947 419 1990 tionem,
450 1939 610 1998 aliaei'Jue
633 1954 814 1983 aerumnae
832 1943 1004 1997 corporis
1027 1969 1039 1988 ,

245 2017 340 2056 quas
363 2003 403 2041 in
424 2002 497 2042 hac
527 2000 605 2043 vita
640 2003 829 2057 patimur,
864 2014 905 2041 ut
922 2000 1040 2040 docet

245 2064 282 2102 S.
295 2060 443 2100 Thom.
456 2075 491 2114 q.
506 2075 532 2113 5.
555 2060 603 2101 de
617 2056 722 2100 malo
741 2071 813 2104 art.
829 2072 866 2110 4.
925 2063 1042 2099 Secun-

245 2118 321 2158 ditm
329 2119 450 2159 Fidem
462 2117 651 2159 Catholicam
676 2116 895 2172 tenendumest
910 2146 921 2164 ‚
958 2115 1044 2175 quad

244 2179 368 2223 Mors,
399 2184 438 2221 (9⁴
459 2191 564 2218 omnes
593 2176 773 2232 hujtumodi
796 2175 935 2231 defiefltos
955 2188 1041 2233 prae-

232 2235 337 2291 [ἐκτός
348 2237 426 2276 witae
437 2236 516 2291 fimt
525 2249 621 2294 poena
634 2236 759 2293 peccati
784 2235 972 2292 originalis,
999 2241 1040 2278 &

241 2293 447 2351 praesertim
459 2298 499 2335 in
511 2293 732 2336 mulieribus
743 2324 753 2341 ‚
785 2293 940 2335 dolores
954 2308 1040 2350 par-

238 2353 312 2400 tus,
343 2360 384 2396 &
399 2353 589 2411 gravedo,
606 2360 681 2396 δίε.
713 2350 789 2395 Sed
802 2350 851 2393 ab
873 2352 933 2393 his
953 2368 1040 2394 om-

242 2412 354 2453 nibus
367 2413 578 2454 Beatiffima
598 2416 721 2469 Virgo
737 2442 748 2459 ‚
779 2426 847 2468 per
863 2411 1038 2469 specialia

243 2473 336 2512 DEI
368 2470 473 2512 dona
496 2485 706 2528 praeventa,
738 2477 779 2514 ὃς
816 2470 1036 2527 praeservata

241 2529 335 2576 fuit,
366 2544 524 2587 urpote,
556 2546 639 2586 quae
659 2530 735 2588 sine
747 2529 937 2576 aerumna,
968 2544 1035 2571 aut

241 2587 384 2629 morbo
395 2619 405 2636 ,
435 2587 483 2630 de
496 2587 712 2646 ‘temporali
725 2586 774 2629 ad
785 2602 968 2629 aeternam
977 2592 1033 2631 vi-

238 2660 342 2694 tam,
373 2663 463 2688 cum
479 2649 608 2689 anima
622 2677 633 2694 ,
663 2653 703 2690 ὃς
729 2661 892 2704 corpore
912 2661 1032 2688 trans-

240 2702 319 2747 lata
329 2705 422 2752 fuit,
450 2705 574 2762 ficc'lue
588 2709 916 2748 nonincinerata:
944 2721 1030 2762 quae

238 2767 358 2805 etiam
369 2765 422 2806 ob
437 2765 739 2822 perfectiffimam
750 2764 1030 2806 subordinatio-

242 2837 334 2862 nem
362 2824 551 2879 appetitus
571 2825 621 2865 ad
651 2826 843 2864 rationem
866 2852 877 2871 ,
919 2823 1029 2865 nullo

240 2895 412 2936 unquam
433 2882 575 2923 veniali
599 2895 761 2939 peccato
792 2881 827 2923 se
860 2879 1031 2923 macula-

239 2942 307 2979 vit:
342 2954 427 2995 quae
452 2941 618 2997 denique
631 2940 707 2982 sine
727 2941 933 2997 gravedine
949 2956 1031 2998 gra-

1090 176 1182 217 vida
1193 205 1203 222 ‚
1229 181 1270 218 &
1285 175 1362 215 fine
1373 174 1511 216 dolore
1528 190 1712 233 puerpera
1721 175 1805 222 fuit,
1816 181 1890 218 &a

1091 236 1193 290 Ergo
1215 249 1256 274 in
1296 234 1510 275 Beatiffimfi
1558 239 1720 291 Virgine
1763 237 1894 275 omnis

1091 292 1244 333 effeetus
1285 296 1436 348 peccati
1488 293 1685 351 originalis
1711 324 1722 341 ,
1761 293 1893 334 conse,

1093 366 1256 406 quenter
1285 358 1325 393 &
1358 351 1480 408 ipsum
1510 352 1698 410 originale
1737 349 1894 394 defuisse

1094 409 1329 451 censendum
1342 410 1405 451 est.

1302 504 1343 556 ἒ.
1362 509 1416 565 4.
1449 496 1681 569 Historia.

1096 606 1356 656 Profefforis
1376 642 1391 666 ‚
1417 624 1475 655 ne
1512 613 1645 671 erae
1662 614 1897 676 ConCep-
1917 626 2047 691 293,

1217 681 1349 726 tlonI
1406 681 1579 726 reslstat
1603 713 1618 738 ‚
1664 686 1780 731 serIa

1339 752 1646 798 aDMonItIo.

1095 829 1409 928 leitabantur
1447 832 1511 875 die
1557 834 1728 889 quadam
1768 836 1818 878 ad
1843 836 1903 878 so-

1164 886 1326 930 lennem
1341 890 1658 948 Disputationem
1680 895 1901 952 complures

1095 942 1332 990 diversorum
1342 952 1541 992 Ordinum
1554 951 1794 1001 Professores,
1815 954 1901 996 alii-

1094 1015 1170 1056 que
1182 1009 1252 1048 viri
1268 1033 1280 1054 ,
1311 1022 1408 1063 quos
1423 1009 1610 1051 doetrinae
1626 1009 1730 1052 fama
1747 1041 1758 1058 ,
1789 1014 1830 1054 id
1839 1012 1900 1054 lo-

1093 1065 1129 1102 ci
1143 1089 1155 1109 ,
1186 1064 1355 1108 celebres
1390 1067 1533 1110 fecerat
1553 1099 1563 1115 ‚
1596 1068 1646 1110 ab
1673 1069 1900 1112 Alexandro

1094 1121 1269 1176 quodam
1300 1126 1341 1165 in
1370 1127 1512 1183 Anglia
1527 1127 1758 1176 Professore‚
1792 1132 1898 1184 cujus

1095 1183 1209 1223 unica
1222 1196 1303 1224 erat
1319 1185 1489 1227 intentio
1500 1213 1511 1229 ‚
1542 1186 1653 1228 Festo
1665 1189 1897 1240 immacula-

1094 1252 1143 1279 tae
1153 1241 1439 1298 Conceptionis
1452 1274 1462 1291 ‚
1489 1244 1510 1285 ὲ
1521 1244 1694 1301 plurimis
1705 1247 1783 1301 jam
1795 1247 1897 1289 cele-

1093 1294 1192 1339 brari
1203 1298 1337 1348 solito,
1369 1317 1440 1359 pro
1457 1302 1784 1348 viribusrefistere.
1815 1308 1896 1351 Ve-

1093 1359 1182 1397 rum
1195 1370 1291 1400 mox
1301 1359 1536 1403 resistentem
1549 1363 1714 1405 advertit
1723 1366 1896 1422 proposi-

1091 1427 1135 1455 to
1147 1413 1213 1456 suo
1221 1419 1349 1458 DenM
1360 1449 1370 1465 ,
1390 1425 1456 1474 qui
1470 1424 1584 1461 noete
1596 1422 1810 1464 institutam
1820 1426 1896 1465 Di-

1090 1471 1353 1530 sputationem
1392 1479 1620 1521 immediate
1670 1482 1894 1537 praeceden-

1091 1544 1130 1572 te
1156 1558 1168 1579 2
1209 1538 1324 1576 tantis
1350 1534 1463 1577 illum
1490 1537 1718 1585 doloribus,
1749 1556 1793 1581 ac
1814 1555 1894 1582 tor-

1091 1591 1261 1634 minibus
1292 1599 1478 1653 corripuit
1502 1625 1513 1643 ,
1559 1612 1601 1638 ut
1624 1597 1738 1639 facile:
1770 1599 1892 1656 pollet

1092 1650 1333 1709 intelligere,
1374 1654 1506 1696 seriam
1527 1655 1630 1697 hanc
1649 1655 1722 1698 esse
1755 1659 1893 1701 admo-

1090 1711 1286 1752 nitionem
1316 1741 1327 1759 ‚
1358 1742 1369 1760 ,
1401 1714 1561 1770 desuper
1579 1715 1809 1762 immissam,
1841 1734 1892 1760 ne

1089 1782 1192 1824 purae
1201 1772 1468 1829 Conceptioni
1480 1775 1701 1817 Beatiffimae
1712 1778 1804 1823 DEI
1821 1780 1891 1821 Pa-

1090 1831 1208 1869 rentis
1238 1831 1346 1872 tanta
1383 1836 1600 1874 temeritate
1636 1835 1796 1882 refistat‚
1827 1835 1890 1878 sed

1090 1889 1219 1942 potius
1241 1888 1390 1930 solenni
1414 1890 1469 1931 illi
1492 1891 1602 1932 Festo
1626 1891 1768 1936 devote
1789 1895 1890 1936 cele-

1089 1944 1262 1994 brando,
1294 1964 1384 1990 cum
1395 1949 1476 2005 alijs
1497 1950 1618 1992 doctis
1630 1956 1717 1994 viris
1731 1983 1742 2000 ‚
1762 1953 1892 1996 humi-

1090 2003 1176 2045 liter
1203 2006 1437 2056 consentiat3
1469 2011 1682 2067 Eapropter
1706 2037 1716 2058 ,
1738 2026 1891 2056 mutato

1091 2062 1157 2103 illa
1176 2065 1255 2121 ipsa
1283 2069 1398 2108 noete
1423 2069 1643 2125 proposito,
1682 2086 1726 2112 ac
1745 2071 1890 2114 cessan-

1092 2133 1129 2162 te
1141 2126 1280 2179 pariter
1288 2125 1427 2167 dolore
1442 2157 1452 2173 ‚
1467 2127 1652 2170 residuam
1668 2133 1792 2171 noc-tis
1803 2144 1891 2188 par-

1090 2185 1220 2222 temin
1232 2185 1517 2242 compofitione
1541 2187 1788 2244 pulcherrimi
1806 2195 1889 2232 Ser-

1089 2245 1219 2281 monis
1245 2243 1440 2300 inliimpfit
1472 2275 1483 2292 ‚
1517 2261 1596 2301 quo
1625 2262 1709 2288 non
1733 2253 1887 2292 tantum

1087 2297 1195 2340 suum
1221 2300 1269 2341 de
1296 2305 1467 2360 Virginis
1486 2307 1761 2362 Conceptione
1784 2322 1888 2351 erro—-

1088 2371 1171 2398 rem
1181 2358 1318 2416 sponte
1339 2366 1581 2410 retractavit,
1617 2368 1751 2407 verum
1767 2372 1886 2408 etiam

1087 2418 1128 2456 in
1139 2416 1323 2473 plurimas
1343 2420 1514 2475 ejusdem
1534 2424 1733 2479 puriffimae
1757 2430 1884 2483 Virgi-

1086 2478 1145 2515 nis
1157 2474 1299 2525 laudes,
1331 2481 1572 2537 inexpectata
1592 2482 1786 2539 elegantia
1802 2515 1812 2531 ,
1829 2486 1883 2527 est

1083 2532 1228 2580 effusus.
1308 2536 1429 2579 Hunc
1454 2541 1584 2594 itaque
1608 2545 1838 2584 Sermonem
1869 2574 1881 2591 ‚

1082 2593 1185 2647 cujus
1197 2598 1351 2636 initium
1369 2612 1377 2635 :
1407 2599 1488 2637 Fiat
1504 2602 1603 2642 Lux,
1615 2600 1790 2642 &ahoi-21
1807 2605 1881 2643 Di-

1080 2649 1303 2707 sputationis
1314 2684 1325 2700 ,
1351 2658 1391 2696 in
1403 2655 1562 2712 publico
1578 2658 1879 2703 doctissimorum

1080 2713 1468 2761 Virorumconseffu‚
1500 2729 1636 2772 praeter
1651 2716 1778 2772 spem,
1810 2734 1877 2775 pe·-

1079 2773 1225 2812 roravit
1253 2800 1265 2817 ,
1296 2786 1340 2813 ac
1381 2777 1540 2814 nemine
1577 2775 1767 2815 resistente
1807 2782 1877 2821 Vi-

1078 2829 1181 2874 dicor,
1213 2833 1429 2872 maximum
1451 2830 1590 2872 exinde
1606 2832 1798 2888 plausum,
1829 2850 1875 2878 ac

1106 2886 1405 2943 gratulationem
1421 2889 1558 2931 retulit.
1593 2892 1789 2935 Bernardin.
1804 2893 1844 2935 de

1260 2948 1352 3001 Dusti
1366 2952 1464 2988 Serm.
1477 2965 1510 2996 7.
1526 2948 1565 2989 de
1580 2952 1702 3009 Concep.

909 3052 1212 3123 Qffifflffiffl

1185 3201 1227 3250 T
1716 3211 1757 3263 §-
1799 3226 1832 3264 5.
