<?xml version="1.0" encoding="UTF-8"?>
<!DOCTYPE html PUBLIC "-//W3C//DTD XHTML 1.0 Transitional//EN"
    "http://www.w3.org/TR/xhtml1/DTD/xhtml1-transitional.dtd">
<html xmlns="http://www.w3.org/1999/xhtml" xml:lang="en" lang="en">
 <head>
  <title>
</title>
<meta http-equiv="Content-Type" content="text/html;charset=utf-8" />
  <meta name='ocr-system' content='tesseract 3.04.00' />
  <meta name='ocr-capabilities' content='ocr_page ocr_carea ocr_par ocr_line ocrx_word'/>
</head>
<body>
  <div class='ocr_page' id='page_1' title='image "./conceptvschronog00zolle_0251.png"; bbox 0 0 2159 3508; ppageno 0'>
   <div class='ocr_carea' id='block_1_1' title="bbox 769 68 1331 153">
    <p class='ocr_par' dir='ltr' id='par_1_1' title="bbox 769 68 1331 153">
     <span class='ocr_line' id='line_1_1' title="bbox 769 68 1331 153; baseline 0 -20"><span class='ocrx_word' id='word_1_1' title='bbox 769 69 1091 153; x_wconf 71' lang='lat' dir='ltr'><strong>Conceptus</strong></span> <span class='ocrx_word' id='word_1_2' title='bbox 1146 68 1331 134; x_wconf 80' lang='lat' dir='ltr'>ani.</span> 
     </span>
    </p>
   </div>
   <div class='ocr_carea' id='block_1_2' title="bbox 203 162 1024 3079">
    <p class='ocr_par' dir='ltr' id='par_1_2' title="bbox 203 162 1024 3079">
     <span class='ocr_line' id='line_1_2' title="bbox 235 162 1024 221; baseline 0.003 -19"><span class='ocrx_word' id='word_1_3' title='bbox 235 165 293 202; x_wconf 87' lang='lat' dir='ltr'>nis</span> <span class='ocrx_word' id='word_1_4' title='bbox 307 191 318 208; x_wconf 93' lang='lat'>,</span> <span class='ocrx_word' id='word_1_5' title='bbox 349 166 421 205; x_wconf 88' lang='lat' dir='ltr'>ritu</span> <span class='ocrx_word' id='word_1_6' title='bbox 445 177 622 221; x_wconf 82' lang='lat' dir='ltr'>peragere</span> <span class='ocrx_word' id='word_1_7' title='bbox 642 163 799 205; x_wconf 88' lang='lat' dir='ltr'>vellent.</span> <span class='ocrx_word' id='word_1_8' title='bbox 874 165 922 204; x_wconf 88' lang='lat' dir='ltr'>Et</span> <span class='ocrx_word' id='word_1_9' title='bbox 936 162 1024 204; x_wconf 74' lang='lat' dir='ltr'>sane</span> 
     </span>
     <span class='ocr_line' id='line_1_3' title="bbox 232 220 1023 279; baseline 0.005 -20"><span class='ocrx_word' id='word_1_10' title='bbox 232 220 376 276; x_wconf 85' lang='lat' dir='ltr'>placuit</span> <span class='ocrx_word' id='word_1_11' title='bbox 391 226 540 279; x_wconf 83' lang='lat' dir='ltr'>Superis</span> <span class='ocrx_word' id='word_1_12' title='bbox 568 226 673 278; x_wconf 91' lang='lat' dir='ltr'>pium</span> <span class='ocrx_word' id='word_1_13' title='bbox 693 221 917 278; x_wconf 80' lang='lat' dir='ltr'>promissum</span> <span class='ocrx_word' id='word_1_14' title='bbox 936 248 949 266; x_wconf 87' lang='lat'>,</span> <span class='ocrx_word' id='word_1_15' title='bbox 978 237 1023 263; x_wconf 87' lang='lat' dir='ltr'>ac</span> 
     </span>
     <span class='ocr_line' id='line_1_4' title="bbox 233 281 1024 322; baseline 0.004 -4"><span class='ocrx_word' id='word_1_16' title='bbox 233 281 486 322; x_wconf 86' lang='lat' dir='ltr'>Beatiffimam</span> <span class='ocrx_word' id='word_1_17' title='bbox 508 283 693 321; x_wconf 82' lang='lat' dir='ltr'>Numinis</span> <span class='ocrx_word' id='word_1_18' title='bbox 714 282 956 322; x_wconf 88' lang='lat' dir='ltr'>Genitricem</span> <span class='ocrx_word' id='word_1_19' title='bbox 980 284 1024 321; x_wconf 89' lang='lat' dir='ltr'>in</span> 
     </span>
     <span class='ocr_line' id='line_1_5' title="bbox 232 337 1023 394; baseline 0.001 -17"><span class='ocrx_word' id='word_1_20' title='bbox 232 337 457 380; x_wconf 73' lang='lat' dir='ltr'>miierorum</span> <span class='ocrx_word' id='word_1_21' title='bbox 491 342 634 380; x_wconf 90' lang='lat' dir='ltr'>civium</span> <span class='ocrx_word' id='word_1_22' title='bbox 664 342 844 394; x_wconf 85' lang='lat' dir='ltr'>pertraxit</span> <span class='ocrx_word' id='word_1_23' title='bbox 873 338 1023 379; x_wconf 69' lang='lat' dir='ltr'>subsidi-</span> 
     </span>
     <span class='ocr_line' id='line_1_6' title="bbox 232 396 1021 443; baseline 0 -8"><span class='ocrx_word' id='word_1_24' title='bbox 232 411 299 436; x_wconf 91' lang='lat' dir='ltr'>um</span> <span class='ocrx_word' id='word_1_25' title='bbox 317 414 329 442; x_wconf 81' lang='lat'><em>3</em></span> <span class='ocrx_word' id='word_1_26' title='bbox 359 396 568 440; x_wconf 77' lang='lat' dir='ltr'>Enimvero</span> <span class='ocrx_word' id='word_1_27' title='bbox 582 426 593 443; x_wconf 91' lang='lat'>‚</span> <span class='ocrx_word' id='word_1_28' title='bbox 620 400 684 438; x_wconf 86' lang='lat' dir='ltr'>vix</span> <span class='ocrx_word' id='word_1_29' title='bbox 701 411 837 438; x_wconf 90' lang='lat' dir='ltr'>votum</span> <span class='ocrx_word' id='word_1_30' title='bbox 849 396 1021 443; x_wconf 68' lang='lat' dir='ltr'>emisere,</span> 
     </span>
     <span class='ocr_line' id='line_1_7' title="bbox 233 453 1020 511; baseline 0.001 -17"><span class='ocrx_word' id='word_1_31' title='bbox 233 458 344 502; x_wconf 74' lang='lat' dir='ltr'>cum,</span> <span class='ocrx_word' id='word_1_32' title='bbox 375 455 540 497; x_wconf 72' lang='lat' dir='ltr'>cessante</span> <span class='ocrx_word' id='word_1_33' title='bbox 575 453 687 495; x_wconf 67' lang='lat' dir='ltr'>omni*</span> <span class='ocrx_word' id='word_1_34' title='bbox 720 459 903 511; x_wconf 87' lang='lat' dir='ltr'>contagio</span> <span class='ocrx_word' id='word_1_35' title='bbox 927 483 938 500; x_wconf 91' lang='lat'>,</span> <span class='ocrx_word' id='word_1_36' title='bbox 970 454 1020 495; x_wconf 88' lang='lat' dir='ltr'>ab</span> 
     </span>
     <span class='ocr_line' id='line_1_8' title="bbox 232 511 1018 570; baseline -0.001 -17"><span class='ocrx_word' id='word_1_37' title='bbox 232 513 403 555; x_wconf 89' lang='lat' dir='ltr'>ulteriori</span> <span class='ocrx_word' id='word_1_38' title='bbox 424 512 595 570; x_wconf 89' lang='lat' dir='ltr'>periculo</span> <span class='ocrx_word' id='word_1_39' title='bbox 614 515 765 568; x_wconf 74' lang='lat' dir='ltr'>penitus</span> <span class='ocrx_word' id='word_1_40' title='bbox 788 513 892 554; x_wconf 84' lang='lat' dir='ltr'>fuere</span> <span class='ocrx_word' id='word_1_41' title='bbox 911 511 1018 552; x_wconf 88' lang='lat' dir='ltr'>abso-</span> 
     </span>
     <span class='ocr_line' id='line_1_9' title="bbox 231 569 1017 624; baseline 0 -14"><span class='ocrx_word' id='word_1_42' title='bbox 231 570 314 611; x_wconf 85' lang='lat' dir='ltr'>luti.</span> <span class='ocrx_word' id='word_1_43' title='bbox 375 575 507 614; x_wconf 86' lang='lat' dir='ltr'>Crevit</span> <span class='ocrx_word' id='word_1_44' title='bbox 522 573 628 624; x_wconf 84' lang='lat' dir='ltr'>jam,</span> <span class='ocrx_word' id='word_1_45' title='bbox 659 585 707 610; x_wconf 85' lang='lat' dir='ltr'>ex</span> <span class='ocrx_word' id='word_1_46' title='bbox 740 571 802 611; x_wconf 87' lang='lat' dir='ltr'>die</span> <span class='ocrx_word' id='word_1_47' title='bbox 820 569 912 616; x_wconf 60' lang='lat' dir='ltr'>illa,</span> <span class='ocrx_word' id='word_1_48' title='bbox 943 570 1017 610; x_wconf 89' lang='lat' dir='ltr'>fin-</span> 
     </span>
     <span class='ocr_line' id='line_1_10' title="bbox 231 627 1016 686; baseline 0.001 -17"><span class='ocrx_word' id='word_1_49' title='bbox 231 629 367 685; x_wconf 84' lang='lat' dir='ltr'>gularis</span> <span class='ocrx_word' id='word_1_50' title='bbox 387 629 477 686; x_wconf 61' lang='lat' dir='ltr'>erga</span> <span class='ocrx_word' id='word_1_51' title='bbox 497 632 698 684; x_wconf 83' lang='lat' dir='ltr'>Virginem</span> <span class='ocrx_word' id='word_1_52' title='bbox 720 628 796 669; x_wconf 85' lang='lat' dir='ltr'>fine</span> <span class='ocrx_word' id='word_1_53' title='bbox 808 627 894 669; x_wconf 89' lang='lat' dir='ltr'>labe</span> <span class='ocrx_word' id='word_1_54' title='bbox 921 644 1016 670; x_wconf 81' lang='lat' dir='ltr'>con-</span> 
     </span>
     <span class='ocr_line' id='line_1_11' title="bbox 230 685 1015 743; baseline -0.001 -15"><span class='ocrx_word' id='word_1_55' title='bbox 230 702 383 743; x_wconf 82' lang='lat' dir='ltr'>ceptam</span> <span class='ocrx_word' id='word_1_56' title='bbox 410 689 588 733; x_wconf 79' lang='lat' dir='ltr'>devoti05</span> <span class='ocrx_word' id='word_1_57' title='bbox 617 685 790 741; x_wconf 78' lang='lat' dir='ltr'>quamvis</span> <span class='ocrx_word' id='word_1_58' title='bbox 811 689 918 728; x_wconf 87' lang='lat' dir='ltr'>enim</span> <span class='ocrx_word' id='word_1_59' title='bbox 940 691 1015 743; x_wconf 84' lang='lat' dir='ltr'>pri-</span> 
     </span>
     <span class='ocr_line' id='line_1_12' title="bbox 229 744 1018 800; baseline 0.001 -14"><span class='ocrx_word' id='word_1_60' title='bbox 229 760 314 786; x_wconf 87' lang='lat' dir='ltr'>mus</span> <span class='ocrx_word' id='word_1_61' title='bbox 351 747 508 800; x_wconf 87' lang='lat' dir='ltr'>jamjam</span> <span class='ocrx_word' id='word_1_62' title='bbox 540 744 891 786; x_wconf 86' lang='lat' dir='ltr'>Mediolanensium</span> <span class='ocrx_word' id='word_1_63' title='bbox 923 748 1018 787; x_wconf 85' lang='lat' dir='ltr'>Dux</span> 
     </span>
     <span class='ocr_line' id='line_1_13' title="bbox 227 802 1017 860; baseline 0.003 -17"><span class='ocrx_word' id='word_1_64' title='bbox 227 802 376 844; x_wconf 88' lang='lat' dir='ltr'>summo</span> <span class='ocrx_word' id='word_1_65' title='bbox 396 802 541 859; x_wconf 83' lang='lat' dir='ltr'>semper</span> <span class='ocrx_word' id='word_1_66' title='bbox 563 818 694 844; x_wconf 88' lang='lat' dir='ltr'>amore</span> <span class='ocrx_word' id='word_1_67' title='bbox 715 818 804 860; x_wconf 83' lang='lat' dir='ltr'>erga</span> <span class='ocrx_word' id='word_1_68' title='bbox 829 807 1017 845; x_wconf 87' lang='lat' dir='ltr'>immacu-</span> 
     </span>
     <span class='ocr_line' id='line_1_14' title="bbox 226 861 1017 917; baseline 0.004 -17"><span class='ocrx_word' id='word_1_69' title='bbox 226 861 344 902; x_wconf 85' lang='lat' dir='ltr'>latam</span> <span class='ocrx_word' id='word_1_70' title='bbox 364 863 543 917; x_wconf 88' lang='lat' dir='ltr'>Deiparae</span> <span class='ocrx_word' id='word_1_71' title='bbox 566 863 882 917; x_wconf 89' lang='lat' dir='ltr'>Conceptionem</span> <span class='ocrx_word' id='word_1_72' title='bbox 910 878 1017 903; x_wconf 84' lang='lat' dir='ltr'>exar-</span> 
     </span>
     <span class='ocr_line' id='line_1_15' title="bbox 223 918 1016 978; baseline 0.004 -19"><span class='ocrx_word' id='word_1_73' title='bbox 223 918 327 965; x_wconf 89' lang='lat' dir='ltr'>serit,</span> <span class='ocrx_word' id='word_1_74' title='bbox 358 934 473 974; x_wconf 89' lang='lat' dir='ltr'>atque</span> <span class='ocrx_word' id='word_1_75' title='bbox 488 919 538 959; x_wconf 89' lang='lat' dir='ltr'>ad</span> <span class='ocrx_word' id='word_1_76' title='bbox 559 919 873 962; x_wconf 87' lang='lat' dir='ltr'>exhortationem</span> <span class='ocrx_word' id='word_1_77' title='bbox 888 924 1016 978; x_wconf 84' lang='lat' dir='ltr'>Magi-</span> 
     </span>
     <span class='ocr_line' id='line_1_16' title="bbox 222 977 1016 1032; baseline 0.003 -14"><span class='ocrx_word' id='word_1_78' title='bbox 222 977 286 1018; x_wconf 91' lang='lat' dir='ltr'>stri</span> <span class='ocrx_word' id='word_1_79' title='bbox 308 980 408 1018; x_wconf 89' lang='lat' dir='ltr'>Petri</span> <span class='ocrx_word' id='word_1_80' title='bbox 430 977 479 1018; x_wconf 90' lang='lat' dir='ltr'>de</span> <span class='ocrx_word' id='word_1_81' title='bbox 505 977 658 1019; x_wconf 59' lang='lat' dir='ltr'>candia</span> <span class='ocrx_word' id='word_1_82' title='bbox 680 1007 692 1024; x_wconf 92' lang='lat'><em>‚</em></span> <span class='ocrx_word' id='word_1_83' title='bbox 722 980 802 1032; x_wconf 88' lang='lat' dir='ltr'>jam</span> <span class='ocrx_word' id='word_1_84' title='bbox 832 993 922 1020; x_wconf 89' lang='lat' dir='ltr'>ante</span> <span class='ocrx_word' id='word_1_85' title='bbox 949 980 1016 1020; x_wconf 82' lang='lat' dir='ltr'>ad-</span> 
     </span>
     <span class='ocr_line' id='line_1_17' title="bbox 218 1037 1011 1092; baseline 0.004 -16"><span class='ocrx_word' id='word_1_86' title='bbox 218 1050 351 1092; x_wconf 90' lang='lat' dir='ltr'>eptum</span> <span class='ocrx_word' id='word_1_87' title='bbox 363 1039 561 1077; x_wconf 91' lang='lat' dir='ltr'>Ducatum</span> <span class='ocrx_word' id='word_1_88' title='bbox 572 1065 583 1082; x_wconf 87' lang='lat'><em>‚</em></span> <span class='ocrx_word' id='word_1_89' title='bbox 613 1038 785 1077; x_wconf 90' lang='lat' dir='ltr'>Matrem</span> <span class='ocrx_word' id='word_1_90' title='bbox 799 1037 1011 1079; x_wconf 85' lang='lat' dir='ltr'>misericor-</span> 
     </span>
     <span class='ocr_line' id='line_1_18' title="bbox 219 1094 1011 1152; baseline 0.005 -18"><span class='ocrx_word' id='word_1_91' title='bbox 219 1095 292 1135; x_wconf 79' lang='lat' dir='ltr'>diae</span> <span class='ocrx_word' id='word_1_92' title='bbox 316 1095 561 1135; x_wconf 83' lang='lat' dir='ltr'>devotiffimis</span> <span class='ocrx_word' id='word_1_93' title='bbox 580 1094 798 1150; x_wconf 89' lang='lat' dir='ltr'>frequenter</span> <span class='ocrx_word' id='word_1_94' title='bbox 817 1095 1011 1152; x_wconf 80' lang='lat' dir='ltr'>precibus&gt;</span> 
     </span>
     <span class='ocr_line' id='line_1_19' title="bbox 220 1153 1009 1210; baseline 0.003 -17"><span class='ocrx_word' id='word_1_95' title='bbox 220 1169 288 1210; x_wconf 90' lang='lat' dir='ltr'>per</span> <span class='ocrx_word' id='word_1_96' title='bbox 304 1153 449 1193; x_wconf 54' lang='lat' dir='ltr'>dietum</span> <span class='ocrx_word' id='word_1_97' title='bbox 470 1153 708 1195; x_wconf 67' lang='lat' dir='ltr'>Sanstiffimae</span> <span class='ocrx_word' id='word_1_98' title='bbox 727 1156 1009 1210; x_wconf 87' lang='lat' dir='ltr'>Conceptionis</span> 
     </span>
     <span class='ocr_line' id='line_1_20' title="bbox 218 1211 1009 1269; baseline 0.003 -17"><span class='ocrx_word' id='word_1_99' title='bbox 218 1211 486 1268; x_wconf 82' lang='lat' dir='ltr'>privilegium,</span> <span class='ocrx_word' id='word_1_100' title='bbox 519 1215 698 1252; x_wconf 90' lang='lat' dir='ltr'>invocare</span> <span class='ocrx_word' id='word_1_101' title='bbox 734 1211 970 1269; x_wconf 88' lang='lat' dir='ltr'>consueverit</span> <span class='ocrx_word' id='word_1_102' title='bbox 999 1244 1009 1260; x_wconf 91' lang='lat'>,</span> 
     </span>
     <span class='ocr_line' id='line_1_21' title="bbox 222 1268 1009 1319; baseline 0.004 -9"><span class='ocrx_word' id='word_1_103' title='bbox 222 1276 232 1319; x_wconf 98' lang='lat'>(</span> <span class='ocrx_word' id='word_1_104' title='bbox 247 1284 287 1311; x_wconf 92' lang='lat' dir='ltr'>ut</span> <span class='ocrx_word' id='word_1_105' title='bbox 297 1273 438 1313; x_wconf 90' lang='lat' dir='ltr'>mirum</span> <span class='ocrx_word' id='word_1_106' title='bbox 453 1269 571 1311; x_wconf 90' lang='lat' dir='ltr'>videri</span> <span class='ocrx_word' id='word_1_107' title='bbox 584 1285 665 1311; x_wconf 86' lang='lat' dir='ltr'>non</span> <span class='ocrx_word' id='word_1_108' title='bbox 682 1268 821 1312; x_wconf 89' lang='lat' dir='ltr'>debeat</span> <span class='ocrx_word' id='word_1_109' title='bbox 829 1301 840 1319; x_wconf 88' lang='lat'>,</span> <span class='ocrx_word' id='word_1_110' title='bbox 850 1272 909 1313; x_wconf 94' lang='lat' dir='ltr'>vel</span> <span class='ocrx_word' id='word_1_111' title='bbox 919 1272 1009 1313; x_wconf 75' lang='lat' dir='ltr'>ideo</span> 
     </span>
     <span class='ocr_line' id='line_1_22' title="bbox 220 1327 1011 1374; baseline 0.004 -6"><span class='ocrx_word' id='word_1_112' title='bbox 220 1330 373 1369; x_wconf 87' lang='lat' dir='ltr'>Petrum</span> <span class='ocrx_word' id='word_1_113' title='bbox 398 1328 528 1374; x_wconf 88' lang='lat' dir='ltr'>hunc,</span> <span class='ocrx_word' id='word_1_114' title='bbox 560 1329 609 1368; x_wconf 91' lang='lat' dir='ltr'>ad</span> <span class='ocrx_word' id='word_1_115' title='bbox 638 1327 774 1369; x_wconf 87' lang='lat' dir='ltr'>summi</span> <span class='ocrx_word' id='word_1_116' title='bbox 805 1331 1011 1371; x_wconf 84' lang='lat' dir='ltr'>Pontifica-</span> 
     </span>
     <span class='ocr_line' id='line_1_23' title="bbox 218 1386 1011 1443; baseline 0.003 -17"><span class='ocrx_word' id='word_1_117' title='bbox 218 1388 277 1427; x_wconf 70' lang='lat' dir='ltr'>tfis</span> <span class='ocrx_word' id='word_1_118' title='bbox 289 1390 457 1443; x_wconf 88' lang='lat' dir='ltr'>apicem,</span> <span class='ocrx_word' id='word_1_119' title='bbox 487 1386 607 1441; x_wconf 89' lang='lat' dir='ltr'>ipsum</span> <span class='ocrx_word' id='word_1_120' title='bbox 621 1386 712 1427; x_wconf 79' lang='lat' dir='ltr'>vero</span> <span class='ocrx_word' id='word_1_121' title='bbox 725 1387 774 1427; x_wconf 90' lang='lat' dir='ltr'>ad</span> <span class='ocrx_word' id='word_1_122' title='bbox 789 1389 912 1428; x_wconf 88' lang='lat' dir='ltr'>Ducis</span> <span class='ocrx_word' id='word_1_123' title='bbox 924 1392 1011 1429; x_wconf 90' lang='lat' dir='ltr'>Me-</span> 
     </span>
     <span class='ocr_line' id='line_1_24' title="bbox 220 1443 1011 1501; baseline 0.003 -17"><span class='ocrx_word' id='word_1_124' title='bbox 220 1443 455 1485; x_wconf 74' lang='lat' dir='ltr'>diolanensis</span> <span class='ocrx_word' id='word_1_125' title='bbox 478 1444 732 1500; x_wconf 84' lang='lat' dir='ltr'>dignitatem,</span> <span class='ocrx_word' id='word_1_126' title='bbox 762 1445 892 1500; x_wconf 78' lang='lat' dir='ltr'>paullo</span> <span class='ocrx_word' id='word_1_127' title='bbox 923 1446 1011 1501; x_wconf 91' lang='lat' dir='ltr'>post</span> 
     </span>
     <span class='ocr_line' id='line_1_25' title="bbox 218 1501 1012 1559; baseline 0.003 -17"><span class='ocrx_word' id='word_1_128' title='bbox 218 1505 369 1544; x_wconf 62' lang='lat' dir='ltr'>evefms</span> <span class='ocrx_word' id='word_1_129' title='bbox 380 1501 510 1551; x_wconf 75' lang='lat' dir='ltr'>fuisse)</span> <span class='ocrx_word' id='word_1_130' title='bbox 555 1516 687 1542; x_wconf 88' lang='lat' dir='ltr'>tamen</span> <span class='ocrx_word' id='word_1_131' title='bbox 709 1503 814 1543; x_wconf 67' lang='lat' dir='ltr'>dic‘to</span> <span class='ocrx_word' id='word_1_132' title='bbox 833 1517 898 1559; x_wconf 92' lang='lat' dir='ltr'>per</span> <span class='ocrx_word' id='word_1_133' title='bbox 924 1508 1012 1546; x_wconf 89' lang='lat' dir='ltr'>Vir-</span> 
     </span>
     <span class='ocr_line' id='line_1_26' title="bbox 218 1550 1007 1617; baseline 0.005 -17"><span class='ocrx_word' id='word_1_134' title='bbox 218 1565 352 1617; x_wconf 85' lang='lat' dir='ltr'>ginem</span> <span class='ocrx_word' id='word_1_135' title='bbox 387 1560 577 1601; x_wconf 89' lang='lat' dir='ltr'>beneficio</span> <span class='ocrx_word' id='word_1_136' title='bbox 597 1590 607 1605; x_wconf 94' lang='lat'><em>‚</em></span> <span class='ocrx_word' id='word_1_137' title='bbox 641 1564 715 1601; x_wconf 87' lang='lat' dir='ltr'>toti</span> <span class='ocrx_word' id='word_1_138' title='bbox 740 1550 900 1603; x_wconf 64' lang='lat' dir='ltr'>Civitati</span> <span class='ocrx_word' id='word_1_139' title='bbox 920 1565 1007 1604; x_wconf 87' lang='lat' dir='ltr'>Me-</span> 
     </span>
     <span class='ocr_line' id='line_1_27' title="bbox 217 1618 1007 1675; baseline 0.004 -16"><span class='ocrx_word' id='word_1_140' title='bbox 217 1619 431 1660; x_wconf 83' lang='lat' dir='ltr'>diolanensi</span> <span class='ocrx_word' id='word_1_141' title='bbox 457 1632 634 1675; x_wconf 86' lang='lat' dir='ltr'>tempore</span> <span class='ocrx_word' id='word_1_142' title='bbox 667 1618 778 1675; x_wconf 73' lang='lat' dir='ltr'>pestis</span> <span class='ocrx_word' id='word_1_143' title='bbox 809 1619 1007 1667; x_wconf 74' lang='lat' dir='ltr'>exhibito,</span> 
     </span>
     <span class='ocr_line' id='line_1_28' title="bbox 219 1677 1007 1733; baseline 0.001 -15"><span class='ocrx_word' id='word_1_144' title='bbox 219 1678 378 1719; x_wconf 89' lang='lat' dir='ltr'>devotio</span> <span class='ocrx_word' id='word_1_145' title='bbox 402 1677 508 1723; x_wconf 86' lang='lat' dir='ltr'>haec,</span> <span class='ocrx_word' id='word_1_146' title='bbox 539 1681 675 1733; x_wconf 86' lang='lat' dir='ltr'>ingens</span> <span class='ocrx_word' id='word_1_147' title='bbox 715 1689 781 1733; x_wconf 88' lang='lat' dir='ltr'>per</span> <span class='ocrx_word' id='word_1_148' title='bbox 803 1692 928 1720; x_wconf 87' lang='lat' dir='ltr'>totam</span> <span class='ocrx_word' id='word_1_149' title='bbox 951 1683 1007 1721; x_wconf 89' lang='lat' dir='ltr'>vi-</span> 
     </span>
     <span class='ocr_line' id='line_1_29' title="bbox 218 1733 1005 1791; baseline 0 -15"><span class='ocrx_word' id='word_1_150' title='bbox 218 1740 362 1777; x_wconf 86' lang='lat' dir='ltr'>ciniam</span> <span class='ocrx_word' id='word_1_151' title='bbox 403 1733 553 1791; x_wconf 84' lang='lat' dir='ltr'>sumpfit</span> <span class='ocrx_word' id='word_1_152' title='bbox 584 1739 876 1778; x_wconf 88' lang='lat' dir='ltr'>incrementum.</span> <span class='ocrx_word' id='word_1_153' title='bbox 922 1740 1005 1777; x_wconf 67' lang='lat' dir='ltr'>Ber-</span> 
     </span>
     <span class='ocr_line' id='line_1_30' title="bbox 218 1789 852 1852; baseline 0.002 -18"><span class='ocrx_word' id='word_1_154' title='bbox 218 1793 350 1834; x_wconf 81' lang='lat' dir='ltr'>nardin.</span> <span class='ocrx_word' id='word_1_155' title='bbox 369 1792 407 1832; x_wconf 86' lang='lat' dir='ltr'>de</span> <span class='ocrx_word' id='word_1_156' title='bbox 420 1795 612 1842; x_wconf 71' lang='lat' dir='ltr'>BulliSerm.</span> <span class='ocrx_word' id='word_1_157' title='bbox 623 1810 654 1839; x_wconf 83' lang='lat'>9.</span> <span class='ocrx_word' id='word_1_158' title='bbox 667 1789 705 1833; x_wconf 77' lang='lat' dir='ltr'>de</span> <span class='ocrx_word' id='word_1_159' title='bbox 716 1797 852 1852; x_wconf 83' lang='lat' dir='ltr'>Concept.</span> 
     </span>
     <span class='ocr_line' id='line_1_31' title="bbox 219 1851 1003 1909; baseline 0.004 -16"><span class='ocrx_word' id='word_1_160' title='bbox 219 1851 401 1909; x_wconf 73' lang='lat' dir='ltr'>praeterea</span> <span class='ocrx_word' id='word_1_161' title='bbox 439 1851 656 1892; x_wconf 89' lang='lat' dir='ltr'>notandum</span> <span class='ocrx_word' id='word_1_162' title='bbox 683 1882 693 1898; x_wconf 89' lang='lat'>,</span> <span class='ocrx_word' id='word_1_163' title='bbox 723 1852 883 1894; x_wconf 88' lang='lat' dir='ltr'>diversas</span> <span class='ocrx_word' id='word_1_164' title='bbox 923 1868 1003 1895; x_wconf 89' lang='lat' dir='ltr'>tam</span> 
     </span>
     <span class='ocr_line' id='line_1_32' title="bbox 220 1909 1004 1966; baseline 0.004 -15"><span class='ocrx_word' id='word_1_165' title='bbox 220 1910 350 1955; x_wconf 84' lang='lat' dir='ltr'>Italiae,</span> <span class='ocrx_word' id='word_1_166' title='bbox 381 1909 498 1965; x_wconf 68' lang='lat' dir='ltr'>quam</span> <span class='ocrx_word' id='word_1_167' title='bbox 521 1909 715 1966; x_wconf 84' lang='lat' dir='ltr'>Hispaniae</span> <span class='ocrx_word' id='word_1_168' title='bbox 733 1913 917 1953; x_wconf 85' lang='lat' dir='ltr'>Civitates</span> <span class='ocrx_word' id='word_1_169' title='bbox 938 1942 950 1959; x_wconf 90' lang='lat'><em>‚</em></span> <span class='ocrx_word' id='word_1_170' title='bbox 981 1911 1004 1954; x_wconf 69' lang='grc' dir='ltr'>ὲ</span> 
     </span>
     <span class='ocr_line' id='line_1_33' title="bbox 218 1967 1002 2026; baseline 0.004 -17"><span class='ocrx_word' id='word_1_171' title='bbox 218 1968 392 2026; x_wconf 68' lang='lat' dir='ltr'>pestifera</span> <span class='ocrx_word' id='word_1_172' title='bbox 423 1967 483 2009; x_wconf 89' lang='lat' dir='ltr'>lue</span> <span class='ocrx_word' id='word_1_173' title='bbox 503 1968 671 2009; x_wconf 86' lang='lat' dir='ltr'>similiter</span> <span class='ocrx_word' id='word_1_174' title='bbox 687 1968 883 2016; x_wconf 86' lang='lat' dir='ltr'>liberatas,</span> <span class='ocrx_word' id='word_1_175' title='bbox 905 1986 1002 2012; x_wconf 90' lang='lat' dir='ltr'>voto</span> 
     </span>
     <span class='ocr_line' id='line_1_34' title="bbox 217 2025 1004 2084; baseline 0.003 -16"><span class='ocrx_word' id='word_1_176' title='bbox 217 2028 318 2068; x_wconf 67' lang='lat' dir='ltr'>saeco</span> <span class='ocrx_word' id='word_1_177' title='bbox 330 2056 341 2073; x_wconf 92' lang='lat'>,</span> <span class='ocrx_word' id='word_1_178' title='bbox 372 2025 508 2081; x_wconf 66' lang='lat' dir='ltr'>majori*</span> <span class='ocrx_word' id='word_1_179' title='bbox 523 2027 740 2068; x_wconf 77' lang='lat' dir='ltr'>celebritate</span> <span class='ocrx_word' id='word_1_180' title='bbox 750 2027 1004 2084; x_wconf 64' lang='lat' dir='ltr'>supradictum</span> 
     </span>
     <span class='ocr_line' id='line_1_35' title="bbox 218 2085 1003 2143; baseline 0.003 -16"><span class='ocrx_word' id='word_1_181' title='bbox 218 2088 501 2141; x_wconf 89' lang='lat' dir='ltr'>Conceptionis</span> <span class='ocrx_word' id='word_1_182' title='bbox 534 2085 684 2126; x_wconf 88' lang='lat' dir='ltr'>Festum</span> <span class='ocrx_word' id='word_1_183' title='bbox 706 2087 922 2143; x_wconf 83' lang='lat' dir='ltr'>peragendi.</span> <span class='ocrx_word' id='word_1_184' title='bbox 955 2104 1003 2129; x_wconf 85' lang='lat' dir='ltr'>ex</span> 
     </span>
     <span class='ocr_line' id='line_1_36' title="bbox 215 2144 1002 2199; baseline 0.003 -14"><span class='ocrx_word' id='word_1_185' title='bbox 215 2144 352 2199; x_wconf 90' lang='lat' dir='ltr'>quibus</span> <span class='ocrx_word' id='word_1_186' title='bbox 375 2146 515 2185; x_wconf 85' lang='lat' dir='ltr'>Genua</span> <span class='ocrx_word' id='word_1_187' title='bbox 539 2147 657 2185; x_wconf 86' lang='lat' dir='ltr'>Anno</span> <span class='ocrx_word' id='word_1_188' title='bbox 687 2159 813 2198; x_wconf 84' lang='lat'>1579.</span> <span class='ocrx_word' id='word_1_189' title='bbox 847 2146 1002 2187; x_wconf 72' lang='lat' dir='ltr'>Floren—</span> 
     </span>
     <span class='ocr_line' id='line_1_37' title="bbox 216 2203 1000 2253; baseline 0.003 -9"><span class='ocrx_word' id='word_1_190' title='bbox 216 2207 277 2245; x_wconf 76' lang='lat' dir='ltr'>tiae</span> <span class='ocrx_word' id='word_1_191' title='bbox 296 2206 413 2244; x_wconf 86' lang='lat' dir='ltr'>Anno</span> <span class='ocrx_word' id='word_1_192' title='bbox 437 2219 449 2242; x_wconf 95' lang='lat'>1</span> <span class='ocrx_word' id='word_1_193' title='bbox 465 2209 513 2253; x_wconf 81' lang='lat'>63</span> <span class='ocrx_word' id='word_1_194' title='bbox 527 2218 554 2253; x_wconf 75' lang='lat'>3.</span> <span class='ocrx_word' id='word_1_195' title='bbox 586 2205 732 2244; x_wconf 89' lang='lat' dir='ltr'>Civitas</span> <span class='ocrx_word' id='word_1_196' title='bbox 762 2203 912 2245; x_wconf 87' lang='lat' dir='ltr'>Huesca</span> <span class='ocrx_word' id='word_1_197' title='bbox 932 2209 1000 2246; x_wconf 87' lang='lat' dir='ltr'>Ar—</span> 
     </span>
     <span class='ocr_line' id='line_1_38' title="bbox 214 2264 1000 2318; baseline 0.003 -15"><span class='ocrx_word' id='word_1_198' title='bbox 214 2265 380 2318; x_wconf 81' lang='lat' dir='ltr'>ragoniae</span> <span class='ocrx_word' id='word_1_199' title='bbox 406 2264 523 2304; x_wconf 83' lang='lat' dir='ltr'>Anno</span> <span class='ocrx_word' id='word_1_200' title='bbox 545 2277 557 2301; x_wconf 91' lang='lat'>1</span> <span class='ocrx_word' id='word_1_201' title='bbox 575 2275 678 2313; x_wconf 86' lang='lat'><em>450.</em></span> <span class='ocrx_word' id='word_1_202' title='bbox 706 2264 851 2303; x_wconf 81' lang='lat' dir='ltr'>Civitas</span> <span class='ocrx_word' id='word_1_203' title='bbox 875 2265 1000 2305; x_wconf 85' lang='lat' dir='ltr'>Meffi-</span> 
     </span>
     <span class='ocr_line' id='line_1_39' title="bbox 214 2318 997 2376; baseline 0.003 -15"><span class='ocrx_word' id='word_1_204' title='bbox 214 2336 265 2361; x_wconf 87' lang='lat' dir='ltr'>na</span> <span class='ocrx_word' id='word_1_205' title='bbox 275 2324 392 2361; x_wconf 86' lang='lat' dir='ltr'>Anno</span> <span class='ocrx_word' id='word_1_206' title='bbox 410 2335 420 2358; x_wconf 93' lang='lat'>1</span> <span class='ocrx_word' id='word_1_207' title='bbox 437 2326 459 2360; x_wconf 90' lang='lat'>6</span> <span class='ocrx_word' id='word_1_208' title='bbox 472 2335 534 2372; x_wconf 84' lang='lat'>50.</span> <span class='ocrx_word' id='word_1_209' title='bbox 562 2334 606 2359; x_wconf 85' lang='lat' dir='ltr'>ac</span> <span class='ocrx_word' id='word_1_210' title='bbox 622 2318 829 2376; x_wconf 83' lang='lat' dir='ltr'>specialiter</span> <span class='ocrx_word' id='word_1_211' title='bbox 840 2323 970 2363; x_wconf 89' lang='lat' dir='ltr'>Roma</span> <span class='ocrx_word' id='word_1_212' title='bbox 985 2352 997 2369; x_wconf 92' lang='lat'>‚</span> 
     </span>
     <span class='ocr_line' id='line_1_40' title="bbox 214 2377 996 2434; baseline 0.003 -14"><span class='ocrx_word' id='word_1_213' title='bbox 214 2394 389 2434; x_wconf 85' lang='lat' dir='ltr'>tempore</span> <span class='ocrx_word' id='word_1_214' title='bbox 420 2377 625 2418; x_wconf 80' lang='lat' dir='ltr'>Alexandri</span> <span class='ocrx_word' id='word_1_215' title='bbox 647 2380 709 2420; x_wconf 91' lang='lat' dir='ltr'>VI</span> <span class='ocrx_word' id='word_1_216' title='bbox 725 2380 751 2418; x_wconf 92' lang='grc' dir='ltr'>Ι.</span> <span class='ocrx_word' id='word_1_217' title='bbox 772 2382 862 2420; x_wconf 72' lang='lat' dir='ltr'>cum</span> <span class='ocrx_word' id='word_1_218' title='bbox 890 2384 996 2422; x_wconf 89' lang='lat' dir='ltr'>enim</span> 
     </span>
     <span class='ocr_line' id='line_1_41' title="bbox 211 2435 995 2493; baseline 0.004 -15"><span class='ocrx_word' id='word_1_219' title='bbox 211 2441 251 2478; x_wconf 91' lang='lat' dir='ltr'>in</span> <span class='ocrx_word' id='word_1_220' title='bbox 272 2436 413 2493; x_wconf 65' lang='lat' dir='ltr'>Vigilia</span> <span class='ocrx_word' id='word_1_221' title='bbox 431 2437 599 2489; x_wconf 86' lang='lat' dir='ltr'>ejusdem</span> <span class='ocrx_word' id='word_1_222' title='bbox 628 2435 743 2483; x_wconf 88' lang='lat' dir='ltr'>Festi,</span> <span class='ocrx_word' id='word_1_223' title='bbox 772 2436 884 2479; x_wconf 91' lang='lat' dir='ltr'>multi</span> <span class='ocrx_word' id='word_1_224' title='bbox 913 2454 995 2480; x_wconf 87' lang='lat' dir='ltr'>tam</span> 
     </span>
     <span class='ocr_line' id='line_1_42' title="bbox 212 2493 991 2551; baseline 0.001 -14"><span class='ocrx_word' id='word_1_225' title='bbox 212 2495 418 2551; x_wconf 44' lang='lat' dir='ltr'>Religio&amp;</span> <span class='ocrx_word' id='word_1_226' title='bbox 445 2494 561 2548; x_wconf 74' lang='lat' dir='ltr'>quam</span> <span class='ocrx_word' id='word_1_227' title='bbox 584 2493 792 2541; x_wconf 81' lang='lat' dir='ltr'>saeculares,</span> <span class='ocrx_word' id='word_1_228' title='bbox 824 2499 991 2543; x_wconf 84' lang='lat' dir='ltr'>orando,</span> 
     </span>
     <span class='ocr_line' id='line_1_43' title="bbox 209 2553 994 2612; baseline 0.003 -17"><span class='ocrx_word' id='word_1_229' title='bbox 209 2570 255 2595; x_wconf 81' lang='lat' dir='ltr'>ac</span> <span class='ocrx_word' id='word_1_230' title='bbox 271 2553 478 2609; x_wconf 84' lang='lat' dir='ltr'>jejunando</span> <span class='ocrx_word' id='word_1_231' title='bbox 491 2553 686 2609; x_wconf 85' lang='lat' dir='ltr'>puriffimae</span> <span class='ocrx_word' id='word_1_232' title='bbox 697 2557 864 2610; x_wconf 82' lang='lat' dir='ltr'>Virginis</span> <span class='ocrx_word' id='word_1_233' title='bbox 877 2570 994 2612; x_wconf 89' lang='lat' dir='ltr'>opem</span> 
     </span>
     <span class='ocr_line' id='line_1_44' title="bbox 208 2610 995 2669; baseline 0.004 -17"><span class='ocrx_word' id='word_1_234' title='bbox 208 2610 470 2669; x_wconf 73' lang='lat' dir='ltr'>implorassent</span> <span class='ocrx_word' id='word_1_235' title='bbox 486 2640 495 2657; x_wconf 91' lang='lat'>,</span> <span class='ocrx_word' id='word_1_236' title='bbox 528 2611 638 2667; x_wconf 81' lang='lat' dir='ltr'>pestis</span> <span class='ocrx_word' id='word_1_237' title='bbox 684 2612 887 2653; x_wconf 89' lang='lat' dir='ltr'>confestim</span> <span class='ocrx_word' id='word_1_238' title='bbox 928 2615 995 2655; x_wconf 88' lang='lat' dir='ltr'>de-</span> 
     </span>
     <span class='ocr_line' id='line_1_45' title="bbox 210 2669 994 2726; baseline 0.004 -16"><span class='ocrx_word' id='word_1_239' title='bbox 210 2671 373 2711; x_wconf 82' lang='lat' dir='ltr'>crescere</span> <span class='ocrx_word' id='word_1_240' title='bbox 385 2696 395 2712; x_wconf 82' lang='grc'>,</span> <span class='ocrx_word' id='word_1_241' title='bbox 427 2669 566 2726; x_wconf 70' lang='lat' dir='ltr'>perc&#39;lue</span> <span class='ocrx_word' id='word_1_242' title='bbox 580 2670 867 2712; x_wconf 86' lang='lat' dir='ltr'>immaculatam</span> <span class='ocrx_word' id='word_1_243' title='bbox 891 2672 994 2714; x_wconf 84' lang='lat' dir='ltr'>hanc</span> 
     </span>
     <span class='ocr_line' id='line_1_46' title="bbox 211 2728 990 2786; baseline 0.003 -17"><span class='ocrx_word' id='word_1_244' title='bbox 211 2731 319 2769; x_wconf 86' lang='lat' dir='ltr'>DEI</span> <span class='ocrx_word' id='word_1_245' title='bbox 347 2730 589 2769; x_wconf 87' lang='lat' dir='ltr'>Genitricem</span> <span class='ocrx_word' id='word_1_246' title='bbox 612 2757 622 2773; x_wconf 91' lang='lat'>,</span> <span class='ocrx_word' id='word_1_247' title='bbox 667 2728 797 2785; x_wconf 76' lang='lat' dir='ltr'>paullo</span> <span class='ocrx_word' id='word_1_248' title='bbox 828 2730 912 2786; x_wconf 90' lang='lat' dir='ltr'>post</span> <span class='ocrx_word' id='word_1_249' title='bbox 943 2746 990 2772; x_wconf 85' lang='lat' dir='ltr'>ex</span> 
     </span>
     <span class='ocr_line' id='line_1_47' title="bbox 210 2783 989 2830; baseline 0.004 -3"><span class='ocrx_word' id='word_1_250' title='bbox 210 2800 298 2827; x_wconf 92' lang='lat' dir='ltr'>toto</span> <span class='ocrx_word' id='word_1_251' title='bbox 323 2783 458 2826; x_wconf 81' lang='lat' dir='ltr'>cessare</span> <span class='ocrx_word' id='word_1_252' title='bbox 479 2786 552 2828; x_wconf 75' lang='lat' dir='ltr'>viia</span> <span class='ocrx_word' id='word_1_253' title='bbox 593 2785 656 2826; x_wconf 88' lang='lat' dir='ltr'>est.</span> <span class='ocrx_word' id='word_1_254' title='bbox 688 2801 728 2828; x_wconf 92' lang='lat' dir='ltr'>ut</span> <span class='ocrx_word' id='word_1_255' title='bbox 764 2788 905 2829; x_wconf 76' lang='lat' dir='ltr'>merito</span> <span class='ocrx_word' id='word_1_256' title='bbox 935 2790 989 2830; x_wconf 93' lang='lat' dir='ltr'>al-</span> 
     </span>
     <span class='ocr_line' id='line_1_48' title="bbox 209 2843 988 2892; baseline 0.003 -6"><span class='ocrx_word' id='word_1_257' title='bbox 209 2844 344 2886; x_wconf 88' lang='lat' dir='ltr'>tefatus</span> <span class='ocrx_word' id='word_1_258' title='bbox 363 2843 504 2885; x_wconf 89' lang='lat' dir='ltr'>Christi</span> <span class='ocrx_word' id='word_1_259' title='bbox 524 2849 563 2884; x_wconf 92' lang='lat' dir='ltr'>in</span> <span class='ocrx_word' id='word_1_260' title='bbox 584 2847 688 2885; x_wconf 79' lang='lat' dir='ltr'>terris</span> <span class='ocrx_word' id='word_1_261' title='bbox 707 2848 899 2892; x_wconf 87' lang='lat' dir='ltr'>Vicarius,</span> <span class='ocrx_word' id='word_1_262' title='bbox 930 2851 988 2888; x_wconf 78' lang='lat' dir='ltr'>in-</span> 
     </span>
     <span class='ocr_line' id='line_1_49' title="bbox 208 2901 986 2947; baseline -0.001 -3"><span class='ocrx_word' id='word_1_263' title='bbox 208 2902 336 2945; x_wconf 68' lang='lat' dir='ltr'>stitutit</span> <span class='ocrx_word' id='word_1_264' title='bbox 356 2901 501 2941; x_wconf 87' lang='lat' dir='ltr'>solenni</span> <span class='ocrx_word' id='word_1_265' title='bbox 514 2903 749 2944; x_wconf 85' lang='lat' dir='ltr'>Proceffione</span> <span class='ocrx_word' id='word_1_266' title='bbox 770 2904 819 2945; x_wconf 90' lang='lat' dir='ltr'>ad</span> <span class='ocrx_word' id='word_1_267' title='bbox 838 2909 870 2946; x_wconf 85' lang='lat' dir='ltr'>S.</span> <span class='ocrx_word' id='word_1_268' title='bbox 887 2905 986 2947; x_wconf 88' lang='lat' dir='ltr'>MA.</span> 
     </span>
     <span class='ocr_line' id='line_1_50' title="bbox 206 2960 984 3005; baseline 0.003 -2"><span class='ocrx_word' id='word_1_269' title='bbox 206 2963 344 3004; x_wconf 89' lang='lat' dir='ltr'><strong>RIAM</strong></span> <span class='ocrx_word' id='word_1_270' title='bbox 353 2964 394 2999; x_wconf 92' lang='lat' dir='ltr'>in</span> <span class='ocrx_word' id='word_1_271' title='bbox 405 2961 568 3005; x_wconf 90' lang='lat' dir='ltr'>Porticu,</span> <span class='ocrx_word' id='word_1_272' title='bbox 586 2960 703 3001; x_wconf 89' lang='lat' dir='ltr'>talem</span> <span class='ocrx_word' id='word_1_273' title='bbox 715 2961 984 3005; x_wconf 88' lang='lat' dir='ltr'>liberationem</span> 
     </span>
     <span class='ocr_line' id='line_1_51' title="bbox 203 3018 983 3079; baseline 0.001 -17"><span class='ocrx_word' id='word_1_274' title='bbox 203 3018 461 3079; x_wconf 84' lang='lat' dir='ltr'>potentiffimo</span> <span class='ocrx_word' id='word_1_275' title='bbox 490 3021 643 3059; x_wconf 65' lang='lat' dir='ltr'>MAmAE</span> <span class='ocrx_word' id='word_1_276' title='bbox 685 3019 826 3060; x_wconf 86' lang='lat' dir='ltr'>auxilio</span> <span class='ocrx_word' id='word_1_277' title='bbox 849 3035 983 3076; x_wconf 72' lang='lat' dir='ltr'>,gratus</span> 
     </span>
    </p>
   </div>
   <div class='ocr_carea' id='block_1_3' title="bbox 258 3075 930 3189">
    <p class='ocr_par' dir='ltr' id='par_1_3' title="bbox 258 3075 930 3189">
     <span class='ocr_line' id='line_1_52' title="bbox 258 3075 930 3133; baseline -0.001 -13"><span class='ocrx_word' id='word_1_278' title='bbox 258 3075 497 3133; x_wconf 79' lang='lat' dir='ltr'>adscripserit.</span> <span class='ocrx_word' id='word_1_279' title='bbox 533 3077 630 3115; x_wconf 84' lang='lat' dir='ltr'>Diar.</span> <span class='ocrx_word' id='word_1_280' title='bbox 656 3079 806 3118; x_wconf 57' lang='lat' dir='ltr'>Wlarian.</span> <span class='ocrx_word' id='word_1_281' title='bbox 826 3079 930 3119; x_wconf 78' lang='lat' dir='ltr'>Fran-</span> 
     </span>
     <span class='ocr_line' id='line_1_53' title="bbox 459 3134 739 3189; baseline 0 -16"><span class='ocrx_word' id='word_1_282' title='bbox 459 3134 526 3189; x_wconf 66' lang='lat' dir='ltr'>cffci</span> <span class='ocrx_word' id='word_1_283' title='bbox 557 3134 739 3189; x_wconf 64' lang='lat' dir='ltr'>{Marchess’⁴</span> 
     </span>
    </p>
   </div>
   <div class='ocr_carea' id='block_1_4' title="bbox 928 1795 1032 1841">
    <p class='ocr_par' dir='ltr' id='par_1_4' title="bbox 928 1795 1032 1841">
     <span class='ocr_line' id='line_1_54' title="bbox 928 1795 1032 1841; baseline 0.038 -4"><span class='ocrx_word' id='word_1_284' title='bbox 928 1795 1007 1837; x_wconf 88' lang='lat' dir='ltr'>Ubi</span> <span class='ocrx_word' id='word_1_285' title='bbox 1029 1838 1032 1841; x_wconf 16' lang='grc' dir='ltr'><em>Δ</em></span> 
     </span>
    </p>
   </div>
   <div class='ocr_carea' id='block_1_5' title="bbox 1260 94 1820 287">
    <p class='ocr_par' dir='ltr' id='par_1_5' title="bbox 1260 94 1820 287">
     <span class='ocr_line' id='line_1_55' title="bbox 1731 94 1820 150; baseline 0.011 -14"><span class='ocrx_word' id='word_1_286' title='bbox 1731 94 1820 150; x_wconf 79' lang='lat'>215</span> 
     </span>
     <span class='ocr_line' id='line_1_56' title="bbox 1260 210 1672 287; baseline 0.015 -27"><span class='ocrx_word' id='word_1_287' title='bbox 1260 216 1301 268; x_wconf 78' lang='lat'>§..</span> <span class='ocrx_word' id='word_1_288' title='bbox 1317 222 1360 275; x_wconf 84' lang='lat'>5.</span> <span class='ocrx_word' id='word_1_289' title='bbox 1394 210 1672 287; x_wconf 46' lang='lat' dir='ltr'>Aanbolmn.</span> 
     </span>
    </p>
   </div>
   <div class='ocr_carea' id='block_1_6' title="bbox 1070 307 1858 428">
    <p class='ocr_par' dir='ltr' id='par_1_6' title="bbox 1070 307 1858 428">
     <span class='ocr_line' id='line_1_57' title="bbox 1070 307 1858 368; baseline 0.015 -17"><span class='ocrx_word' id='word_1_290' title='bbox 1070 307 1385 368; x_wconf 77' lang='lat' dir='ltr'>HeLrotropn</span> <span class='ocrx_word' id='word_1_291' title='bbox 1408 342 1422 365; x_wconf 90' lang='lat'><em>‚</em></span> <span class='ocrx_word' id='word_1_292' title='bbox 1459 312 1533 356; x_wconf 74' lang='lat' dir='ltr'>aD</span> <span class='ocrx_word' id='word_1_293' title='bbox 1558 314 1695 358; x_wconf 85' lang='lat' dir='ltr'>SoLIs</span> <span class='ocrx_word' id='word_1_294' title='bbox 1729 315 1820 362; x_wconf 90' lang='lat' dir='ltr'>Iter</span> <span class='ocrx_word' id='word_1_295' title='bbox 1841 349 1858 368; x_wconf 86' lang='lat'>,</span> 
     </span>
     <span class='ocr_line' id='line_1_58' title="bbox 1253 381 1674 428; baseline 0.01 -4"><span class='ocrx_word' id='word_1_296' title='bbox 1253 381 1373 425; x_wconf 85' lang='lat' dir='ltr'>MIra</span> <span class='ocrx_word' id='word_1_297' title='bbox 1393 383 1674 428; x_wconf 80' lang='lat' dir='ltr'>Converslo.</span> 
     </span>
    </p>
   </div>
   <div class='ocr_carea' id='block_1_7' title="bbox 1194 493 1426 501">
    <p class='ocr_par' dir='ltr' id='par_1_7' title="bbox 1194 493 1426 501">
     <span class='ocr_line' id='line_1_59' title="bbox 1194 493 1426 501; baseline 0 3007"><span class='ocrx_word' id='word_1_298' title='bbox 1194 493 1426 501; x_wconf 95' lang='lat' dir='ltr'> </span> 
     </span>
    </p>
   </div>
   <div class='ocr_carea' id='block_1_8' title="bbox 1878 365 2000 424">
    <p class='ocr_par' dir='ltr' id='par_1_8' title="bbox 1878 365 2000 424">
     <span class='ocr_line' id='line_1_60' title="bbox 1878 365 2000 424; baseline 0.016 -2"><span class='ocrx_word' id='word_1_299' title='bbox 1878 365 2000 424; x_wconf 84' lang='lat'><strong>439·</strong></span> 
     </span>
    </p>
   </div>
   <div class='ocr_carea' id='block_1_9' title="bbox 1056 538 1874 1530">
    <p class='ocr_par' dir='ltr' id='par_1_9' title="bbox 1056 538 1874 1530">
     <span class='ocr_line' id='line_1_61' title="bbox 1056 538 1874 1530; baseline 0 0"><span class='ocrx_word' id='word_1_300' title='bbox 1056 538 1874 1530; x_wconf 95' lang='lat' dir='ltr'> </span> 
     </span>
    </p>
   </div>
   <div class='ocr_carea' id='block_1_10' title="bbox 1053 1606 1843 1774">
    <p class='ocr_par' dir='ltr' id='par_1_10' title="bbox 1056 1606 1832 1689">
     <span class='ocr_line' id='line_1_62' title="bbox 1056 1606 1809 1646; baseline 0.008 -13"><span class='ocrx_word' id='word_1_301' title='bbox 1056 1606 1127 1638; x_wconf 69' lang='lat' dir='ltr'>Solis</span> <span class='ocrx_word' id='word_1_302' title='bbox 1145 1607 1252 1634; x_wconf 78' lang='lat' dir='ltr'>amicus</span> <span class='ocrx_word' id='word_1_303' title='bbox 1268 1614 1324 1645; x_wconf 75' lang='lat' dir='ltr'>ego</span> <span class='ocrx_word' id='word_1_304' title='bbox 1340 1625 1346 1636; x_wconf 75' lang='lat'><em>.</em></span> <span class='ocrx_word' id='word_1_305' title='bbox 1368 1614 1517 1636; x_wconf 79' lang='lat' dir='ltr'>convertor</span> <span class='ocrx_word' id='word_1_306' title='bbox 1533 1607 1639 1646; x_wconf 81' lang='lat' dir='ltr'>semper</span> <span class='ocrx_word' id='word_1_307' title='bbox 1652 1609 1688 1637; x_wconf 80' lang='lat' dir='ltr'>ad</span> <span class='ocrx_word' id='word_1_308' title='bbox 1703 1610 1784 1639; x_wconf 84' lang='lat' dir='ltr'>istum</span> <span class='ocrx_word' id='word_1_309' title='bbox 1800 1628 1809 1639; x_wconf 69' lang='lat'><strong>³</strong></span> 
     </span>
     <span class='ocr_line' id='line_1_63' title="bbox 1097 1647 1832 1689; baseline 0.008 -14"><span class='ocrx_word' id='word_1_310' title='bbox 1097 1648 1179 1677; x_wconf 87' lang='lat' dir='ltr'>Hunc</span> <span class='ocrx_word' id='word_1_311' title='bbox 1188 1647 1294 1686; x_wconf 80' lang='lat' dir='ltr'>sequor,</span> <span class='ocrx_word' id='word_1_312' title='bbox 1306 1647 1340 1675; x_wconf 79' lang='lat' dir='ltr'>ad</span> <span class='ocrx_word' id='word_1_313' title='bbox 1358 1657 1464 1676; x_wconf 84' lang='lat' dir='ltr'>metam</span> <span class='ocrx_word' id='word_1_314' title='bbox 1477 1650 1619 1679; x_wconf 70' lang='lat' dir='ltr'>tendimus</span> <span class='ocrx_word' id='word_1_315' title='bbox 1630 1651 1719 1680; x_wconf 88' lang='lat' dir='ltr'>ambo</span> <span class='ocrx_word' id='word_1_316' title='bbox 1728 1661 1832 1689; x_wconf 80' lang='lat' dir='ltr'>parem.</span> 
     </span>
    </p>

    <p class='ocr_par' dir='ltr' id='par_1_11' title="bbox 1053 1688 1843 1774">
     <span class='ocr_line' id='line_1_64' title="bbox 1053 1688 1761 1729; baseline 0.006 -12"><span class='ocrx_word' id='word_1_317' title='bbox 1053 1688 1121 1717; x_wconf 77' lang='lat' dir='ltr'>Solis</span> <span class='ocrx_word' id='word_1_318' title='bbox 1139 1690 1232 1718; x_wconf 79' lang='lat' dir='ltr'>amica</span> <span class='ocrx_word' id='word_1_319' title='bbox 1250 1697 1347 1726; x_wconf 78' lang='lat' dir='ltr'>parens</span> <span class='ocrx_word' id='word_1_320' title='bbox 1362 1691 1469 1718; x_wconf 72' lang='lat' dir='ltr'>nivini</span> <span class='ocrx_word' id='word_1_321' title='bbox 1485 1710 1491 1722; x_wconf 89' lang='lat'><em>‚</em></span> <span class='ocrx_word' id='word_1_322' title='bbox 1505 1691 1612 1729; x_wconf 83' lang='lat' dir='ltr'>semper</span> <span class='ocrx_word' id='word_1_323' title='bbox 1624 1692 1659 1721; x_wconf 79' lang='lat' dir='ltr'>ad</span> <span class='ocrx_word' id='word_1_324' title='bbox 1678 1694 1761 1723; x_wconf 88' lang='lat' dir='ltr'>istum</span> 
     </span>
     <span class='ocr_line' id='line_1_65' title="bbox 1097 1730 1843 1774; baseline 0.008 -15"><span class='ocrx_word' id='word_1_325' title='bbox 1097 1731 1241 1760; x_wconf 82' lang='lat' dir='ltr'>Vertitur.-</span> <span class='ocrx_word' id='word_1_326' title='bbox 1266 1730 1340 1757; x_wconf 87' lang='lat' dir='ltr'>Hinc</span> <span class='ocrx_word' id='word_1_327' title='bbox 1351 1731 1493 1760; x_wconf 82' lang='lat' dir='ltr'>maculam</span> <span class='ocrx_word' id='word_1_328' title='bbox 1510 1732 1595 1762; x_wconf 82' lang='lat' dir='ltr'>nescit</span> <span class='ocrx_word' id='word_1_329' title='bbox 1605 1743 1721 1774; x_wconf 88' lang='lat' dir='ltr'>uterque</span> <span class='ocrx_word' id='word_1_330' title='bbox 1734 1744 1843 1773; x_wconf 84' lang='lat' dir='ltr'>parem.</span> 
     </span>
    </p>
   </div>
   <div class='ocr_carea' id='block_1_11' title="bbox 1147 1788 1769 1962">
    <p class='ocr_par' dir='ltr' id='par_1_12' title="bbox 1147 1788 1769 1962">
     <span class='ocr_line' id='line_1_66' title="bbox 1147 1788 1769 1829; baseline 0.005 -10"><span class='ocrx_word' id='word_1_331' title='bbox 1147 1791 1191 1819; x_wconf 73' lang='lat' dir='ltr'>Aa</span> <span class='ocrx_word' id='word_1_332' title='bbox 1203 1796 1246 1819; x_wconf 68' lang='lat' dir='ltr'>me</span> <span class='ocrx_word' id='word_1_333' title='bbox 1259 1788 1392 1827; x_wconf 83' lang='lat' dir='ltr'>conversio</span> <span class='ocrx_word' id='word_1_334' title='bbox 1400 1793 1468 1829; x_wconf 62' lang='grc' dir='ltr'>εμὲ.</span> <span class='ocrx_word' id='word_1_335' title='bbox 1511 1791 1595 1819; x_wconf 83' lang='lat' dir='ltr'>Cant.</span> <span class='ocrx_word' id='word_1_336' title='bbox 1615 1800 1638 1819; x_wconf 85' lang='lat' dir='ltr'>c.</span> <span class='ocrx_word' id='word_1_337' title='bbox 1653 1802 1679 1826; x_wconf 89' lang='lat'>7·</span> <span class='ocrx_word' id='word_1_338' title='bbox 1689 1801 1712 1821; x_wconf 83' lang='lat' dir='ltr'>v.</span> <span class='ocrx_word' id='word_1_339' title='bbox 1727 1802 1769 1823; x_wconf 83' lang='lat'>10.</span> 
     </span>
     <span class='ocr_line' id='line_1_67' title="bbox 1211 1883 1665 1962; baseline 0.002 -22"><span class='ocrx_word' id='word_1_340' title='bbox 1211 1894 1248 1946; x_wconf 86' lang='lat'>§.</span> <span class='ocrx_word' id='word_1_341' title='bbox 1275 1883 1327 1941; x_wconf 90' lang='lat'>6.</span> <span class='ocrx_word' id='word_1_342' title='bbox 1367 1888 1665 1962; x_wconf 75' lang='lat' dir='ltr'>Antiquitas.</span> 
     </span>
    </p>
   </div>
   <div class='ocr_carea' id='block_1_12' title="bbox 1123 2002 1772 2122">
    <p class='ocr_par' dir='ltr' id='par_1_13' title="bbox 1123 2002 1772 2122">
     <span class='ocr_line' id='line_1_68' title="bbox 1123 2002 1772 2062; baseline -0.005 -9"><span class='ocrx_word' id='word_1_343' title='bbox 1123 2003 1337 2054; x_wconf 84' lang='lat' dir='ltr'>MeDVsa</span> <span class='ocrx_word' id='word_1_344' title='bbox 1372 2002 1602 2052; x_wconf 86' lang='lat' dir='ltr'>terrIfICa</span> <span class='ocrx_word' id='word_1_345' title='bbox 1621 2039 1636 2062; x_wconf 94' lang='lat'><em>‚</em></span> <span class='ocrx_word' id='word_1_346' title='bbox 1689 2006 1772 2054; x_wconf 89' lang='lat' dir='ltr'>ob-</span> 
     </span>
     <span class='ocr_line' id='line_1_69' title="bbox 1318 2077 1566 2122; baseline -0.008 0"><span class='ocrx_word' id='word_1_347' title='bbox 1318 2077 1566 2122; x_wconf 86' lang='lat' dir='ltr'>trVnCata.</span> 
     </span>
    </p>
   </div>
   <div class='ocr_carea' id='block_1_13' title="bbox 1034 2157 1845 3191">
    <p class='ocr_par' dir='ltr' id='par_1_14' title="bbox 1142 2157 1840 2214">
     <span class='ocr_line' id='line_1_70' title="bbox 1142 2157 1840 2214; baseline 0 -16"><span class='ocrx_word' id='word_1_348' title='bbox 1142 2157 1268 2199; x_wconf 74' lang='lat' dir='ltr'>Etleus</span> <span class='ocrx_word' id='word_1_349' title='bbox 1287 2187 1296 2203; x_wconf 90' lang='lat'>,</span> <span class='ocrx_word' id='word_1_350' title='bbox 1327 2157 1622 2214; x_wconf 72' lang='lat' dir='ltr'>generosissimus</span> <span class='ocrx_word' id='word_1_351' title='bbox 1659 2162 1840 2210; x_wconf 61' lang='lat' dir='ltr'>Juvenis,</span> 
     </span>
    </p>

    <p class='ocr_par' dir='ltr' id='par_1_15' title="bbox 1034 2215 1845 3149">
     <span class='ocr_line' id='line_1_71' title="bbox 1165 2215 1845 2258; baseline 0.001 -1"><span class='ocrx_word' id='word_1_352' title='bbox 1165 2220 1255 2257; x_wconf 72' lang='lat' dir='ltr'>curn</span> <span class='ocrx_word' id='word_1_353' title='bbox 1277 2216 1506 2257; x_wconf 86' lang='lat' dir='ltr'>mandatum</span> <span class='ocrx_word' id='word_1_354' title='bbox 1525 2215 1712 2257; x_wconf 71' lang='lat' dir='ltr'>aPallade</span> <span class='ocrx_word' id='word_1_355' title='bbox 1735 2232 1845 2258; x_wconf 88' lang='lat' dir='ltr'>acce-</span> 
     </span>
     <span class='ocr_line' id='line_1_72' title="bbox 1050 2274 1838 2331; baseline 0.005 -17"><span class='ocrx_word' id='word_1_356' title='bbox 1050 2274 1158 2331; x_wconf 84' lang='lat' dir='ltr'>pisset</span> <span class='ocrx_word' id='word_1_357' title='bbox 1179 2306 1190 2322; x_wconf 89' lang='lat'>,</span> <span class='ocrx_word' id='word_1_358' title='bbox 1219 2290 1259 2316; x_wconf 92' lang='lat' dir='ltr'>ut</span> <span class='ocrx_word' id='word_1_359' title='bbox 1293 2275 1503 2316; x_wconf 58' lang='lat' dir='ltr'>vindictam</span> <span class='ocrx_word' id='word_1_360' title='bbox 1523 2275 1572 2315; x_wconf 92' lang='lat' dir='ltr'>de</span> <span class='ocrx_word' id='word_1_361' title='bbox 1593 2274 1757 2316; x_wconf 59' lang='lat' dir='ltr'>Medusa</span> <span class='ocrx_word' id='word_1_362' title='bbox 1780 2276 1838 2318; x_wconf 89' lang='lat' dir='ltr'>su-</span> 
     </span>
     <span class='ocr_line' id='line_1_73' title="bbox 1049 2332 1836 2388; baseline 0.001 -14"><span class='ocrx_word' id='word_1_363' title='bbox 1049 2349 1172 2374; x_wconf 89' lang='lat' dir='ltr'>meret</span> <span class='ocrx_word' id='word_1_364' title='bbox 1186 2364 1196 2380; x_wconf 86' lang='lat'>,</span> <span class='ocrx_word' id='word_1_365' title='bbox 1225 2332 1390 2388; x_wconf 75' lang='lat' dir='ltr'>eoquod</span> <span class='ocrx_word' id='word_1_366' title='bbox 1406 2333 1591 2388; x_wconf 84' lang='lat' dir='ltr'>plurimos</span> <span class='ocrx_word' id='word_1_367' title='bbox 1611 2333 1677 2374; x_wconf 87' lang='lat' dir='ltr'>illa</span> <span class='ocrx_word' id='word_1_368' title='bbox 1704 2333 1836 2376; x_wconf 88' lang='lat' dir='ltr'>horni-</span> 
     </span>
     <span class='ocr_line' id='line_1_74' title="bbox 1047 2390 1834 2448; baseline 0.001 -15"><span class='ocrx_word' id='word_1_369' title='bbox 1047 2406 1134 2437; x_wconf 81' lang='lat' dir='ltr'>nes‚</span> <span class='ocrx_word' id='word_1_370' title='bbox 1165 2408 1252 2433; x_wconf 85' lang='lat' dir='ltr'>eam</span> <span class='ocrx_word' id='word_1_371' title='bbox 1275 2390 1515 2448; x_wconf 82' lang='lat' dir='ltr'>aspicientes,</span> <span class='ocrx_word' id='word_1_372' title='bbox 1542 2391 1834 2435; x_wconf 81' lang='lat' dir='ltr'>convertissetin</span> 
     </span>
     <span class='ocr_line' id='line_1_75' title="bbox 1043 2450 1832 2506; baseline -0.001 -15"><span class='ocrx_word' id='word_1_373' title='bbox 1043 2451 1187 2506; x_wconf 86' lang='lat' dir='ltr'>lapides</span> <span class='ocrx_word' id='word_1_374' title='bbox 1200 2481 1210 2496; x_wconf 88' lang='lat'>,</span> <span class='ocrx_word' id='word_1_375' title='bbox 1239 2465 1333 2491; x_wconf 84' lang='lat' dir='ltr'>mox</span> <span class='ocrx_word' id='word_1_376' title='bbox 1346 2464 1569 2506; x_wconf 91' lang='lat' dir='ltr'>promptum</span> <span class='ocrx_word' id='word_1_377' title='bbox 1579 2451 1628 2491; x_wconf 88' lang='lat' dir='ltr'>ad</span> <span class='ocrx_word' id='word_1_378' title='bbox 1637 2450 1728 2505; x_wconf 81' lang='lat' dir='ltr'>jussa</span> <span class='ocrx_word' id='word_1_379' title='bbox 1741 2480 1753 2497; x_wconf 88' lang='lat'>,</span> <span class='ocrx_word' id='word_1_380' title='bbox 1785 2451 1832 2491; x_wconf 77' lang='lat' dir='ltr'>li-</span> 
     </span>
     <span class='ocr_line' id='line_1_76' title="bbox 1044 2507 1830 2555; baseline 0.001 -6"><span class='ocrx_word' id='word_1_381' title='bbox 1044 2510 1107 2550; x_wconf 75' lang='lat' dir='ltr'>cet</span> <span class='ocrx_word' id='word_1_382' title='bbox 1142 2510 1277 2555; x_wconf 83' lang='lat' dir='ltr'>ardua,</span> <span class='ocrx_word' id='word_1_383' title='bbox 1309 2507 1379 2549; x_wconf 78' lang='lat' dir='ltr'>sele</span> <span class='ocrx_word' id='word_1_384' title='bbox 1405 2509 1596 2550; x_wconf 85' lang='lat' dir='ltr'>exhibuit:</span> <span class='ocrx_word' id='word_1_385' title='bbox 1634 2512 1694 2549; x_wconf 87' lang='lat' dir='ltr'>cui</span> <span class='ocrx_word' id='word_1_386' title='bbox 1724 2509 1830 2550; x_wconf 91' lang='lat' dir='ltr'>hunc</span> 
     </span>
     <span class='ocr_line' id='line_1_77' title="bbox 1046 2566 1829 2624; baseline -0.003 -16"><span class='ocrx_word' id='word_1_387' title='bbox 1046 2583 1084 2607; x_wconf 89' lang='lat' dir='ltr'>1n</span> <span class='ocrx_word' id='word_1_388' title='bbox 1098 2568 1216 2608; x_wconf 84' lang='lat' dir='ltr'>finem</span> <span class='ocrx_word' id='word_1_389' title='bbox 1247 2570 1460 2608; x_wconf 84' lang='lat' dir='ltr'>Mercurius</span> <span class='ocrx_word' id='word_1_390' title='bbox 1485 2567 1560 2624; x_wconf 89' lang='lat' dir='ltr'>ipse</span> <span class='ocrx_word' id='word_1_391' title='bbox 1581 2566 1755 2612; x_wconf 87' lang='lat' dir='ltr'>Talaria,</span> <span class='ocrx_word' id='word_1_392' title='bbox 1787 2573 1829 2610; x_wconf 72' lang='grc' dir='ltr'>δε</span> 
     </span>
     <span class='ocr_line' id='line_1_78' title="bbox 1043 2624 1828 2682; baseline -0.001 -15"><span class='ocrx_word' id='word_1_393' title='bbox 1043 2627 1229 2667; x_wconf 86' lang='lat' dir='ltr'>falcatum</span> <span class='ocrx_word' id='word_1_394' title='bbox 1246 2625 1375 2666; x_wconf 88' lang='lat' dir='ltr'>ensem</span> <span class='ocrx_word' id='word_1_395' title='bbox 1408 2625 1658 2682; x_wconf 72' lang='lat' dir='ltr'>suppeditavit</span> <span class='ocrx_word' id='word_1_396' title='bbox 1674 2654 1684 2670; x_wconf 88' lang='lat'>,</span> <span class='ocrx_word' id='word_1_397' title='bbox 1715 2624 1828 2666; x_wconf 92' lang='lat' dir='ltr'>Pluto</span> 
     </span>
     <span class='ocr_line' id='line_1_79' title="bbox 1045 2682 1827 2740; baseline -0.001 -15"><span class='ocrx_word' id='word_1_398' title='bbox 1045 2685 1235 2730; x_wconf 75' lang='lat' dir='ltr'>Galeam,</span> <span class='ocrx_word' id='word_1_399' title='bbox 1267 2683 1388 2725; x_wconf 89' lang='lat' dir='ltr'>Pallas</span> <span class='ocrx_word' id='word_1_400' title='bbox 1409 2683 1597 2740; x_wconf 87' lang='lat' dir='ltr'>AEgidem</span> <span class='ocrx_word' id='word_1_401' title='bbox 1633 2697 1703 2723; x_wconf 87' lang='lat' dir='ltr'>aere</span> <span class='ocrx_word' id='word_1_402' title='bbox 1726 2682 1827 2724; x_wconf 71' lang='lat' dir='ltr'>adeo</span> 
     </span>
     <span class='ocr_line' id='line_1_80' title="bbox 1041 2741 1826 2800; baseline -0.003 -16"><span class='ocrx_word' id='word_1_403' title='bbox 1041 2743 1281 2800; x_wconf 89' lang='lat' dir='ltr'>splendidam</span> <span class='ocrx_word' id='word_1_404' title='bbox 1312 2741 1604 2783; x_wconf 88' lang='lat' dir='ltr'>subministravit</span> <span class='ocrx_word' id='word_1_405' title='bbox 1622 2769 1633 2786; x_wconf 86' lang='lat'>,</span> <span class='ocrx_word' id='word_1_406' title='bbox 1663 2754 1705 2780; x_wconf 92' lang='lat' dir='ltr'>ut</span> <span class='ocrx_word' id='word_1_407' title='bbox 1721 2742 1826 2782; x_wconf 91' lang='lat' dir='ltr'>Gor-</span> 
     </span>
     <span class='ocr_line' id='line_1_81' title="bbox 1038 2797 1826 2860; baseline -0.004 -16"><span class='ocrx_word' id='word_1_408' title='bbox 1038 2807 1198 2860; x_wconf 83' lang='lat' dir='ltr'>goniam</span> <span class='ocrx_word' id='word_1_409' title='bbox 1211 2801 1348 2842; x_wconf 84' lang='lat' dir='ltr'>faciem</span> <span class='ocrx_word' id='word_1_410' title='bbox 1370 2799 1658 2857; x_wconf 69' lang='lat' dir='ltr'>possetimpune</span> <span class='ocrx_word' id='word_1_411' title='bbox 1685 2797 1826 2854; x_wconf 85' lang='lat' dir='ltr'>aspice-</span> 
     </span>
     <span class='ocr_line' id='line_1_82' title="bbox 1037 2858 1826 2915; baseline -0.006 -14"><span class='ocrx_word' id='word_1_412' title='bbox 1037 2878 1088 2902; x_wconf 86' lang='lat' dir='ltr'>re.</span> <span class='ocrx_word' id='word_1_413' title='bbox 1148 2860 1265 2901; x_wconf 74' lang='lat' dir='ltr'>Hiice</span> <span class='ocrx_word' id='word_1_414' title='bbox 1291 2874 1383 2915; x_wconf 83' lang='lat' dir='ltr'>ergo</span> <span class='ocrx_word' id='word_1_415' title='bbox 1414 2858 1573 2898; x_wconf 74' lang='lat' dir='ltr'>confisus</span> <span class='ocrx_word' id='word_1_416' title='bbox 1603 2858 1826 2901; x_wconf 86' lang='lat' dir='ltr'>Numinum</span> 
     </span>
     <span class='ocr_line' id='line_1_83' title="bbox 1036 2914 1824 2965; baseline -0.008 -4"><span class='ocrx_word' id='word_1_417' title='bbox 1036 2924 1148 2961; x_wconf 79' lang='lat' dir='ltr'>armis</span> <span class='ocrx_word' id='word_1_418' title='bbox 1167 2949 1176 2965; x_wconf 95' lang='lat'>,</span> <span class='ocrx_word' id='word_1_419' title='bbox 1212 2933 1295 2959; x_wconf 89' lang='lat' dir='ltr'>non</span> <span class='ocrx_word' id='word_1_420' title='bbox 1331 2916 1519 2957; x_wconf 88' lang='lat' dir='ltr'>dubitavit</span> <span class='ocrx_word' id='word_1_421' title='bbox 1544 2943 1555 2961; x_wconf 88' lang='lat'>‚</span> <span class='ocrx_word' id='word_1_422' title='bbox 1586 2914 1754 2956; x_wconf 87' lang='lat' dir='ltr'>Medusae</span> <span class='ocrx_word' id='word_1_423' title='bbox 1779 2920 1824 2958; x_wconf 89' lang='lat' dir='ltr'>in</span> 
     </span>
     <span class='ocr_line' id='line_1_84' title="bbox 1034 2972 1820 3032; baseline -0.008 -13"><span class='ocrx_word' id='word_1_424' title='bbox 1034 2977 1232 3019; x_wconf 72' lang='lat' dir='ltr'>occursum</span> <span class='ocrx_word' id='word_1_425' title='bbox 1266 2975 1471 3031; x_wconf 87' lang='lat' dir='ltr'>procedere</span> <span class='ocrx_word' id='word_1_426' title='bbox 1492 3002 1502 3019; x_wconf 96' lang='lat'>,</span> <span class='ocrx_word' id='word_1_427' title='bbox 1535 2988 1652 3028; x_wconf 86' lang='lat' dir='ltr'>quam</span> <span class='ocrx_word' id='word_1_428' title='bbox 1670 2972 1692 3013; x_wconf 75' lang='grc' dir='ltr'>ὲ</span> <span class='ocrx_word' id='word_1_429' title='bbox 1710 2987 1820 3032; x_wconf 88' lang='lat' dir='ltr'>tergo</span> 
     </span>
     <span class='ocr_line' id='line_1_85' title="bbox 1037 3031 1820 3088; baseline -0.003 -12"><span class='ocrx_word' id='word_1_430' title='bbox 1037 3035 1211 3076; x_wconf 75' lang='lat' dir='ltr'>animose</span> <span class='ocrx_word' id='word_1_431' title='bbox 1247 3032 1413 3078; x_wconf 74' lang='lat' dir='ltr'>adorsUS,</span> <span class='ocrx_word' id='word_1_432' title='bbox 1451 3031 1637 3088; x_wconf 91' lang='lat' dir='ltr'>caputilli</span> <span class='ocrx_word' id='word_1_433' title='bbox 1669 3031 1820 3074; x_wconf 68' lang='lat' dir='ltr'>validis.</span> 
     </span>
     <span class='ocr_line' id='line_1_86' title="bbox 1036 3089 1814 3149; baseline -0.004 -15"><span class='ocrx_word' id='word_1_434' title='bbox 1036 3095 1130 3134; x_wconf 88' lang='lat' dir='ltr'>fimo</span> <span class='ocrx_word' id='word_1_435' title='bbox 1147 3099 1293 3149; x_wconf 73' lang='lat' dir='ltr'>impetu</span> <span class='ocrx_word' id='word_1_436' title='bbox 1329 3093 1567 3147; x_wconf 82' lang='lat' dir='ltr'>amputavit,</span> <span class='ocrx_word' id='word_1_437' title='bbox 1598 3089 1770 3145; x_wconf 62' lang='lat' dir='ltr'>illuque</span> <span class='ocrx_word' id='word_1_438' title='bbox 1800 3123 1814 3141; x_wconf 76' lang='lat'>‚</span> 
     </span>
    </p>

    <p class='ocr_par' dir='ltr' id='par_1_16' title="bbox 1675 3164 1783 3191">
     <span class='ocr_line' id='line_1_87' title="bbox 1675 3164 1783 3191; baseline 0.028 -3"><span class='ocrx_word' id='word_1_439' title='bbox 1675 3164 1783 3191; x_wconf 87' lang='lat' dir='ltr'>com-</span> 
     </span>
    </p>
   </div>
   <div class='ocr_carea' id='block_1_14' title="bbox 1862 2018 1999 2075">
    <p class='ocr_par' dir='ltr' id='par_1_17' title="bbox 1862 2018 1999 2075">
     <span class='ocr_line' id='line_1_88' title="bbox 1862 2018 1999 2075; baseline 0.007 -1"><span class='ocrx_word' id='word_1_440' title='bbox 1862 2018 1999 2075; x_wconf 84' lang='lat'><strong>440·</strong></span> 
     </span>
    </p>
   </div>
  </div>
 </body>
</html>
