2159 3508
91 2713 200 2771 179.

317 148 384 203 85

274 245 386 284 omni
416 244 500 285 labe
516 247 663 300 peccati
693 273 705 291 ‚
735 242 842 285 affert
862 246 977 284 DEO
998 258 1063 282 ex-

274 302 496 343 cellentiam
516 329 526 345 ‚
558 308 598 344 &
621 305 733 358 ponit
760 305 801 342 in
825 303 902 356 ejus
937 304 1063 341 Matre

277 359 462 401 summam
492 363 919 406 convenientiam‚&c.
962 361 1063 414 Ergo

274 418 441 459 omnino
479 416 716 458 afferendum
760 417 815 458 est
837 442 849 462 ‚
889 420 1059 458 Matrem

274 476 416 517 Christi
446 475 549 517 fuisse
577 476 837 532 praeservatam
871 475 920 516 ab
945 473 1058 515 omni

269 533 354 575 labe
378 537 539 590 peccati.
578 538 672 575 min.
685 533 799 575 Prob.
858 537 961 588 Qia
971 547 1057 574 orn-v

270 591 367 633 nino
384 592 436 632 est
451 589 679 633 excellentia
697 595 739 632 in
755 591 852 632 Filio
863 621 873 638 ,
905 599 945 633 ὅ(
961 607 1056 632 con-

272 653 465 691 venientia
496 651 536 691 in
564 650 690 691 Matre
712 679 722 696 ,
753 650 778 690 fi
809 649 892 690 haec
918 649 1057 690 habeat

271 707 446 765 speciales
468 712 736 765 praerogativas
756 737 767 754 ‚
806 706 869 749 sed
889 711 1058 748 maxima

268 767 520 824 praerogativa
544 767 620 810 est,
647 765 718 807 effe
738 779 968 823 conceptam
982 767 1058 806 fine

270 825 356 865 labe
381 828 542 882 peccati.
620 827 721 881 Ergo
752 831 826 867 &a
873 823 1058 865 Probatur

270 887 400 929 etiam,
412 880 518 938 quod
531 898 612 925 non
629 895 816 940 repugnet
828 881 1057 938 Redempti-

268 944 347 982 oni.
408 944 444 983 Si
458 945 564 982 enim
584 953 834 998 repugnaret,
864 956 911 981 ex
933 956 981 981 eo
997 956 1053 980 re-

266 1013 473 1057 pugnaret,
505 1003 594 1056 quia
605 1003 719 1041 Beata
743 1002 866 1055 Virgo
879 1012 961 1039 non
972 1013 1054 1038 am-

265 1057 362 1115 plius
388 1057 479 1100 esset
526 1057 719 1113 objectum
749 1057 1053 1113 redemPtioniss

265 1123 306 1159 ὃ(
332 1116 651 1172 consequenter,
691 1114 798 1170 quod
822 1130 907 1156 non
931 1113 1054 1156 fuisset

264 1174 466 1231 redempta
491 1174 513 1215 a
529 1174 685 1217 Christo
705 1202 718 1220 ,
748 1170 855 1229 quod
879 1172 934 1214 est
955 1187 1052 1214 con-

264 1248 319 1274 tra
341 1238 376 1276 S.
386 1232 546 1274 Paulum
567 1230 790 1273 afferentem
815 1259 827 1278 ‚
855 1232 1054 1274 Christum

262 1290 335 1332 effe
353 1289 662 1348 Redemptorem
687 1288 938 1333 universalem
968 1306 1054 1331 om-

262 1352 371 1390 nium
382 1349 603 1391 hominurn.
662 1349 737 1391 Sed
747 1351 985 1405 BeataVirgo
993 1349 1051 1390 fu—

262 1406 343 1449 isset
360 1408 486 1449 adhuc
507 1405 658 1465 proprie
680 1406 888 1463 redempta.
946 1408 1049 1462 Ergo

263 1472 341 1512 &c.
360 1465 471 1507 Prob.
482 1469 576 1506 min.
623 1465 776 1506 Etiamsi
791 1468 906 1505 Beata
926 1467 1050 1521 Virgo

262 1537 346 1565 non
371 1528 604 1565 contraxerit
620 1526 704 1565 actu
718 1535 922 1581 peccatum
936 1525 1052 1579 origi-

262 1582 371 1626 nale,
403 1583 529 1623 adhuc
552 1579 690 1623 dicitur
723 1581 948 1637 redempta,
988 1579 1051 1622 vel

261 1641 531 1698 redemptione
542 1640 753 1697 reparativa
780 1669 791 1686 ‚
820 1639 882 1682 vel
901 1635 1049 1695 praeser-

261 1698 416 1746 vativ303
452 1699 596 1740 sienim
613 1698 844 1755 supponatur
867 1725 879 1744 ‚
910 1696 1050 1739 volun-

261 1771 384 1799 tatem
404 1760 446 1798 Β.
457 1759 627 1814 Virginis
647 1755 752 1798 fuisse
772 1754 995 1797 transfusam
1006 1758 1048 1796 in

258 1817 502 1859 voluntatem
537 1815 712 1862 Adami,
753 1814 843 1857 vere
873 1817 1048 1870 peccavit

258 1878 301 1916 in
321 1875 496 1920 Adamo,
526 1889 618 1930 ergo
639 1873 838 1930 redempta
858 1872 930 1913 fuit
940 1887 1048 1928 repa—

256 1936 407 1975 ratione
425 1930 648 1990 reparativa.
708 1936 746 1974 Si
756 1929 849 1974 vero
859 1929 1047 1987 suppona-

257 2005 345 2038 tur,
377 2006 462 2032 eam
490 2006 573 2032 non
591 1989 695 2031 fuisse
706 1989 951 2036 transfusam,
981 1989 1045 2030 sed

256 2049 623 2095 transfundendam,
653 2048 840 2091 fiaDEO
855 2063 938 2088 non
958 2047 1044 2088 fuis«

255 2108 308 2149 set
326 2107 545 2165 praeservata
565 2136 575 2153 ‚
607 2107 806 2163 redempta
837 2105 960 2147 fuisset
984 2122 1042 2146 re-

255 2168 484 2224 demptione
508 2164 767 2222 praeservativa
788 2193 799 2211 ‚
830 2167 920 2220 quia
949 2164 1042 2205 teste

256 2230 292 2268 S.
309 2225 462 2282 August.
476 2224 571 2281 snper
593 2223 682 2280 Pfhl.
695 2234 751 2269 85.
779 2223 852 2265 five
867 2222 1044 2264 Medicus

255 2298 323 2340 per
332 2283 545 2324 medicinas
559 2281 846 2339 praeservaverit,
874 2280 947 2323 sive
958 2284 1043 2322 at‘tu

252 2342 468 2383 liberaverit
501 2341 671 2396 aliquem
700 2339 722 2381 a
746 2339 887 2382 morbo
906 2365 917 2383 2
948 2339 1042 2381 sem-

253 2414 320 2458 per
334 2401 472 2441 dicitur
485 2398 706 2445 liberasse&
715 2398 903 2441 redimisse
916 2398 1042 2455 :quod

253 2459 359 2500 idem
379 2457 443 2499 hic
461 2457 671 2499 dicendum
682 2457 746 2498 est.

460 2572 500 2643 §-
516 2587 567 2645 4.
589 2573 819 2649 Historia.

249 2693 462 2741 TentantI
494 2688 716 2756 affIngere
742 2688 916 2740 LabeM
932 2696 1040 2742 VIr.

311 2765 434 2827 *gInI
448 2765 671 2826 DeIparae‚
685 2778 787 2811 non
802 2767 963 2812 LICet.

363 2851 420 2891 Ies
450 2849 645 2898 illuxerat,
685 2851 760 2907 qua
782 2850 921 2893 [eaor
952 2855 1037 2907 qui-

391 2908 484 2951 dam
503 2911 739 2953 Mantuanus
753 2940 766 2960 ‚
796 2910 1036 2953 demonstra-

661 144 754 204 De
775 142 1073 221 Concepta'
1087 143 1239 202 Sacra
1259 142 1511 221 Deipara.

1102 254 1211 294 turus
1223 256 1292 298 pro
1304 241 1443 283 viribus
1456 272 1465 287 ‚
1480 244 1712 289 MARIAM,
1728 243 1890 283 aliorum

1111 299 1247 345 instar,
1279 303 1319 339 in
1348 300 1526 356 originali
1549 299 1634 341 labe
1660 316 1890 357 conceptam

1111 356 1237 402 fuisse,
1268 357 1462 413 publicam
1480 361 1576 398 inire
1597 358 1890 415 disputationem

1109 415 1288 456 statuerat
1299 445 1309 461 ,
1342 415 1402 456 vel
1415 419 1539 472 potius
1561 416 1821 473 disputationis
1834 417 1893 458 lo-

1108 472 1157 514 co
1177 503 1188 520 ‚
1220 473 1321 514 suam
1334 475 1550 530 perorando
1571 479 1802 531 opinionem
1827 476 1893 516 de-

1107 531 1249 572 clarare
1292 531 1577 588 praesumpserat.
1670 533 1894 574 Decorabat

1107 589 1332 646 Actumipla
1344 591 1568 631 Sereniffimi
1589 593 1712 632 Ducis
1735 592 1894 647 praeien-

1105 650 1178 688 tia:
1212 648 1373 704 populus
1389 663 1413 694 ‚'
1429 648 1593 690 velutad
1613 665 1760 691 novum
1771 649 1895 704 quod-

1106 705 1198 746 dam
1222 704 1496 762 spectaculum,
1526 707 1703 762 frequens
1723 723 1895 748 accurre-

1107 762 1197 804 bat:
1230 764 1480 821 comparuere
1493 769 1610 806 etiam
1622 766 1671 807 ad
1689 767 1729 807 id
1743 769 1893 808 invitati

1107 823 1298 862 Doctores
1323 823 1496 878 plurimi,
1519 827 1608 865 {viri
1651 839 1718 881 per
1760 827 1894 864 omnia

1106 880 1327 936 gravissimi,
1358 897 1403 921 ac
1419 882 1663 922 eruditiffimi.
1724 885 1830 924 Tum
1847 881 1893 939 il-

1104 937 1140 977 le
1168 941 1488 986 eminentiorem,
1519 939 1726 986 utaffolet,
1758 940 1892 981 locum

1104 995 1383 1044 conscendens,
1413 997 1555 1038 multos
1575 997 1702 1039 secum
1712 997 1892 1055 portabat

1103 1053 1239 1095 Libros
1249 1084 1261 1101 ,
1291 1070 1457 1109 quorum
1469 1056 1700 1097 authoritate
1711 1056 1814 1098 suam
1828 1073 1891 1098 ro-

1103 1110 1238 1153 borare
1278 1112 1507 1154 sententiam
1545 1114 1754 1170 cogitabat.
1812 1120 1890 1158 Ve-

1103 1172 1189 1211 rum
1211 1171 1364 1218 audite,
1405 1178 1446 1213 &
1478 1170 1728 1228 obstupescite
1749 1175 1889 1215 miram

1103 1232 1363 1270 mutationem
1402 1230 1566 1270 dexterae
1591 1230 1762 1271 Excelfi!
1794 1233 1888 1273 Hoc

1103 1290 1212 1328 enim
1242 1301 1322 1328 erat
1364 1288 1663 1344 inexspectatum
1693 1292 1888 1330 Sermonis

1098 1349 1251 1386 initium
1266 1363 1273 1385 :
1306 1348 1450 1402 Propono
1462 1346 1554 1386 vobv's
1565 1376 1575 1392 ‚
1587 1346 1765 1387 Auditores
1776 1349 1789 1387 .'
1798 1349 1888 1402 istam

1096 1417 1212 1444 'veram
1248 1404 1464 1459 conclusionem
1489 1433 1501 1450 ,
1540 1404 1624 1460 quod
1649 1408 1755 1444 Beata
1792 1408 1888 1463 Virgo

1100 1462 1375 1517 Conceptafuerit,
1396 1461 1465 1516 stne
1485 1463 1646 1518 originali,
1705 1465 1803 1503 Non
1815 1465 1886 1504 ob-

1099 1517 1271 1561 servabat
1295 1519 1453 1574 quidem
1470 1519 1534 1560 ille
1556 1549 1567 1566 ‚
1608 1519 1714 1575 quod
1733 1521 1799 1562 fibi
1819 1523 1884 1578 ipsi

1099 1581 1338 1618 contrarium
1388 1577 1607 1633 loqueretur
1633 1608 1644 1624 ‚
1695 1579 1884 1636 puriffimssi

1099 1637 1193 1676 DEI
1212 1638 1397 1691 genitrice
1420 1635 1536 1678 verba
1565 1640 1605 1676 in
1626 1651 1692 1677 ore
1716 1639 1791 1691 ejus
1824 1642 1882 1678 in-

1098 1707 1293 1740 vertente,
1330 1695 1439 1734 Hinc
1452 1693 1763 1735 risusmultorum
1781 1725 1792 1742 ,
1824 1696 1879 1736 su-

1096 1749 1204 1807 isque
1224 1750 1273 1791 ab
1295 1750 1436 1792 asseclis
1455 1781 1465 1798 ‚
1499 1751 1605 1807 quod
1629 1752 1731 1793 male
1748 1753 1883 1808 loque-

1096 1825 1225 1855 retur,
1272 1824 1356 1850 non
1376 1810 1534 1851 modica
1550 1810 1778 1867 redargutio.
1834 1814 1883 1853 E-

1096 1868 1346 1909 mendaturus
1371 1882 1463 1925 ergo
1502 1869 1806 1925 propositionem
1829 1871 1885 1911 su-

1096 1942 1184 1973 am,
1214 1926 1382 1967 eandem
1419 1929 1568 1983 prorsus
1592 1927 1882 1969 conclusionem

1095 1985 1253 2030 volens,
1284 1984 1422 2025 nolens
1448 2015 1458 2031 ,
1498 1985 1629 2026 denuo
1656 1991 1840 2042 proponit
1868 2018 1879 2033 ,

1092 2043 1196 2084 haud
1215 2042 1330 2083 dubie
1351 2042 1535 2084 aDivino
1556 2047 1708 2085 coaetus
1739 2047 1881 2086 Numi-

1091 2117 1164 2148 ne,
1197 2115 1238 2142 ut
1259 2101 1489 2158 originalem
1510 2106 1763 2143 annunciaret
1785 2104 1880 2160 pub-

1092 2160 1166 2201 lice
1185 2163 1321 2201 Matris
1345 2163 1625 2201 innocentiam.
1697 2163 1777 2202 Hic
1810 2166 1877 2202 ite-

1093 2233 1194 2259 ratus
1222 2218 1461 2258 affidentium
1487 2218 1574 2258 risus
1592 2248 1601 2264 ‚
1641 2234 1685 2258 ac
1713 2220 1859 2260 admira

1090 2281 1156 2318 tio.
1218 2279 1312 2333 Qo
1327 2276 1418 2318 vero
1430 2275 1567 2332 pluries
1576 2282 1810 2318 contrarium
1820 2279 1877 2318 di—

1090 2352 1176 2376 cere
1187 2337 1324 2376 Lector
1341 2335 1571 2381 attentabat,
1601 2334 1704 2375 aliud
1717 2352 1797 2376 non
1810 2353 1879 2393 po-

1090 2398 1163 2435 tuit
1190 2393 1357 2450 proferre
1377 2423 1389 2440 ,
1420 2393 1489 2432 nisi
1509 2393 1586 2433 hoc
1612 2411 1620 2434 :
1654 2397 1796 2451 Propono
1818 2410 1878 2436 ‘170-

1091 2453 1140 2492 bv's
1160 2454 1248 2506 istam
1263 2465 1376 2493 ‘veram
1405 2451 1619 2506 conclusionem
1629 2478 1640 2495 ,
1671 2453 1755 2509 quod
1771 2457 1877 2494 Beata

1091 2512 1193 2568 Virgo
1211 2522 1354 2567 concepta
1365 2510 1482 2565 fuerit,
1502 2509 1571 2564 fine
1592 2511 1752 2566 originali,
1814 2516 1875 2554 Sic

1090 2572 1250 2610 nemine
1290 2582 1560 2625 oppugnante,
1593 2583 1661 2624 per
1700 2568 1876 2626 semetip-

1090 2626 1172 2668 sum
1202 2629 1398 2668 convictus
1423 2656 1433 2672 ,
1462 2626 1545 2667 satis
1576 2630 1764 2681 cognovit
1787 2654 1798 2672 ‚
1834 2628 1875 2668 id

1087 2689 1228 2727 virtute
1262 2683 1533 2740 supernaturali
1566 2683 1741 2724 accidisse
1776 2714 1787 2731 ,
1828 2702 1873 2726 ac

1086 2745 1256 2785 tentanti
1280 2742 1346 2783 fibi
1369 2772 1380 2788 ,
1421 2742 1600 2799 affingere
1624 2741 1754 2783 labem
1785 2748 1873 2787 Vir-

1083 2804 1378 2859 giniDeiparae‚
1400 2799 1562 2840 minime
1587 2799 1739 2841 licuiffe.
1789 2805 1873 2844 Ber-³

1223 2857 1348 2901 nardin.
1371 2858 1410 2899 de
1430 2859 1520 2913 ‘Busti
1540 2863 1636 2900 Serm.
1648 2877 1682 2910 7.
1708 2858 1747 2900 de

1415 2918 1553 2974 Concqn.

902 3035 1205 3110 &arnestat

1729 3196 1768 3248 §-
1777 3200 1830 3258 5.
