2200 3539
830 100 1070 164 Praefatio
1087 102 1160 163 ad
1172 101 1476 165 Leeiorem.

232 221 310 250 mae
321 209 599 264 Conceptionis
610 234 620 252 ,
630 203 736 249 velut
745 206 910 246 totidem
921 203 1070 260 specula
1084 203 1275 261 pellucida
1285 205 1465 260 appendi,
1488 203 1627 260 quibus
1639 214 1819 246 centenas
1829 202 2097 258 Antiquitate&

232 268 431 308 MARIAE
441 268 577 321 jugiter
591 263 797 319 applicatas
818 262 1081 318 superaddidi,
1111 262 1446 309 peristromatum‚
1479 262 1744 319 stuTapetum
1766 265 1998 303 variatorum
2014 275 2100 302 mu-

232 327 300 364 nia
317 339 398 365 non
417 322 547 378 inepte
557 321 763 363 subeuntes.
824 320 947 366 Ostia,
967 319 1032 360 seu
1047 319 1474 377 introgreffumaedificij
1492 321 1664 377 pandere
1677 320 1843 361 debebat
1856 318 2098 376 ingressus-ad

229 395 321 421 eam
337 380 596 436 Archangelus
608 377 785 424 Gabriel«,
813 378 990 433 ipsissimis
1002 377 1170 434 ‘fupernae
1179 378 1384 434 legationis
1396 378 1541 423 litteris,
1552 381 1600 419 M
1611 380 1760 419 ARIA
1772 381 1819 419 M
1829 406 1844 424 ‚,
1871 378 2100 418 destinatam

233 440 327 479 DEI
346 442 514 478 Matrem
532 467 543 483 ‚
573 450 740 476 centeno
759 438 1080 491 Anagrammate,
1108 437 1232 490 eoc'lue
1258 437 1449 492 purissimo
1463 466 1472 481 ‚
1507 435 1736 492 puriffimam
1757 435 1915 475 salutans
1928 466 1938 481 ,
1971 451 2013 475 ac
2027 439 2098 478 im-

232 495 478 535 maculatam.
538 497 661 535 Testo
674 508 767 549 opus
777 508 859 534 non
875 492 1071 536 videbatur
1086 495 1256 534 -aedifie'io
1273 494 1362 534 huic
1373 496 1597 539 MAnrANo,
1625 493 1649 533 ¹a
1665 496 1802 548 Spiritu
1810 496 1951 533 >Sancto
1961 495 2098 549 jugiter

228 553 480 593 obumbrato.
565 569 568 572 ⁴
745 569 750 576 ²

399 612 487 650 Nec
499 609 655 649 deerant
679 606 781 648 certe
792 606 874 648 aliae
891 607 1263 662 quaedamrattones,
1295 625 1361 649 cur
1377 609 1509 649 Szeculi
1530 607 1646 649 nostri
1655 619 1835 662 tempore
1850 634 1861 652 -,
1891 613 2096 662 negotium

229 665 310 707 hoc
325 695 335 712 ,
367 666 415 708 de
430 665 641 707 Beatiffima
658 667 748 707 DEI
765 668 962 707 Genstrice
973 695 983 712 ,
1016 665 1149 721 spon-tc
1171 670 1211 706 in
1225 682 1287 706 me
1296 666 1519 723 >susceperim
1534 683 1544 711 3
1576 664 1783 706 Enimvero
1794 694 1804 710 ‚
1835 668 1925 705 cum
1939 679 2094 704 mecum

229 723 359 780 saepius
386 725 672 782 perpenderim,
704 724 819 778 quam
830 723 971 764 fervide
984 750 997 769 ,
1028 738 1093 779 per
1112 738 1187 763 tres
1199 726 1354 779 jamjam
1373 740 1495 765 annos
1509 754 1518 770 ,
1546 723 1571 764 ὲ
1591 723 1848 779 Superioribus
1867 726 1961 762 meis
1983 721 2095 762 fuerit

230 781 471 829 laboratum,
500 785 684 837 quatenus
714 785 826 823 Sacra
849 781 913 822 illa
938 782 1156 822 Beatiflimae
1182 784 1273 822 DEI
1292 785 1460 823 Parentis
1480 782 1649 838 Effigies,
1690 780 1924 837 frontispicio
1954 779 2094 822 dor-niis

229 841 502 896 praedicatoriae
533 846 544 892 (
557 854 747 895 perquam
759 840 806 880 ad
826 839 1088 895 Baptisterium
1102 838 1273 879 nostrum
1288 840 1476 896 saepiffime
1498 841 1616 885 mihi,
1641 855 1691 880 ‘ex
1701 838 1849 884 officio,
1882 833 2094 894 proceden-

230 898 324 939 dum
339 899 413 949 est)
441 901 519 954 jam
545 901 776 951 Ann01458.
808 897 854 938 ab
878 897 1118 939 Udalricanis
1137 899 1332 939 MARIAE
1358 898 1586 944 cultoribus,
1618 901 1658 937 in
1676 897 1867 952 publicam
1899 894 2091 936 transtrin—

229 959 327 997 tium
347 960 658 1003 venerationem,
689 959 860 1012 appicta,
890 969 1005 1010 atque
1034 970 1115 995 non
1133 957 1188 995 ita
1213 956 1386 1011 pridem,
1418 957 1592 997 violento
1613 962 1653 998 ὃ(
1677 955 1845 995 nefando
1873 953 2014 999 modo,
2040 952 2093 993 <ab

229 1014 701 1070 AugustanaeConfeffioni
718 1015 874 1055 addi-cris
891 1013 1094 1058 destructa,
1120 1013 1253 1054 denuo
1281 1013 1329 1054 ab
1342 1015 1476 1068 iisdem
1492 1015 1767 1058 restituere-tur,
1797 1028 1839 1054 ac
1851 1013 2093 1053 decernenti-

228 1071 298 1112 bus
318 1073 517 1129 praesertim
527 1076 668 1113 iteratis
688 1071 891 1114 Sachaess
907 1070 1116 1125 Majestatis
1139 1072 1401 1127 gratiofiffimis
1413 1072 1639 1128 Rescriptis‚
1666 1075 1708 1111 in
1735 1071 1932 1126 pristinum
1954 1069 2093 1110 statum

231 1135 243 1180 (
265 1133 366 1171 Anni
380 1134 563 1172 nimirum
577 1137 676 1182 1624.
697 1130 947 1171 conformiter
967 1128 1222 1169 instrumento
1243 1134 1343 1186 pacis
1360 1136 1369 1180 )
1406 1135 1516 1171 novis
1529 1132 1679 1186 depicta
1697 1128 1888 1169 coloribus
1902 1128 2092 1184 redigere-

227 1201 308 1229 tur:
345 1204 383 1231 at
399 1193 694 1234 interveniente,
726 1188 824 1243 proh
851 1187 984 1227 dolor'!
1018 1187 1241 1243 praematura
1258 1188 1509 1244 Augustiflimi
1530 1189 1695 1244 pij-ffimae
1711 1190 1906 1227 memoriae
1923 1189 2091 1242 Impera-

229 1250 343 1294 toris,
387 1249 584 1299 Josffl’fflI.
609 1260 754 1291 morte,
784 1245 949 1301 suspenla
961 1248 1173 1286 etiamnum
1188 1246 1711 1302 haereatnostraexpeeratio,
1743 1246 1845 1298 cujus
1874 1248 1892 1295 (
1907 1245 2093 1300 siSuperis

227 1305 419 1361 placeret)
453 1309 628 1346 executi-0
639 1304 819 1360 gaudium
840 1304 942 1344 haud
955 1303 1068 1344 dubie
1082 1307 1191 1344 omni
1204 1319 1250 1344 ex
1270 1309 1373 1360 parte
1386 1304 1546 1360 plenum
1559 1304 1704 1346 Saeculo
1715 1303 1845 1343 nostro
1858 1301 2095 1344 Udalricano

225 1363 472 1410 conciliaret,
503 1370 576 1405 &c.
637 1365 718 1419 Ego
735 1365 890 1402 interim
910 1361 1026 1402 aliam
1039 1362 1434 1419 Beatiffimae'Virginis
1456 1365 1670 1420 Imaginem
1685 1391 1695 1408 ‚
1725 1361 1955 1418 puriffimam
1977 1364 2093 1400 nimi-

226 1425 333 1467 rum,
364 1437 407 1462 ac
423 1425 570 1478 prorsus
596 1420 883 1461 immaculatam
912 1423 1049 1460 MAR
1066 1422 1145 1460 1AE
1176 1423 1513 1477 Conceptionem,
1544 1437 1610 1477 per
1623 1423 1874 1476 Conceptum
1896 1418 2094 1473 quendam

225 1479 621 1536 Chronographicum
642 1478 857 1519 substituere
871 1506 883 1524 ,
912 1476 1115 1532 eidemqiie
1129 1482 1298 1535 Virgini,
1328 1482 1368 1518 in
1385 1478 1592 1534 aliqualem
1606 1477 1962 1534 compensationem
1979 1475 2094 1517 illata:

225 1536 275 1578 ab
286 1537 705 1592 hostibusiuisinjuriae,
732 1535 946 1577 humillime
967 1536 1141 1577 dedicare
1155 1565 1165 1582 ,
1195 1552 1239 1577 ac
1261 1536 1482 1578 consecrare
1507 1538 1631 1579 volui:
1663 1550 1704 1577 ut
1722 1550 1770 1577 eo
1794 1549 1909 1591 opere
1921 1534 2092 1574 maxime

225 1595 418 1652 placerem
428 1595 703 1641 immaculatae,
727 1596 830 1649 cujus
843 1594 948 1634 illam
969 1608 1197 1650 argumento
1220 1594 1389 1635 maxime
1410 1594 1586 1651 placuisse
1599 1597 1715 1636 DEO
1730 1623 1741 1640 ,
1772 1592 1981 1650 perluasum
1992 1593 2091 1632 mihi

226 1653 363 1694 habeo.
424 1656 510 1694 Nec
522 1653 614 1694 vero
635 1653 769 1694 dubito
783 1682 794 1699 ‚
824 1654 999 1693 Numine
1010 1653 1163 1694 favente
1178 1681 1189 1698 ,
1221 1652 1470 1708 CAnoLoc'lue
1482 1655 1548 1697 VI.
1568 1652 1833 1709 Augustiffimo
1845 1654 1997 1693 noviter
2016 1648 2093 1690 ele-

225 1714 290 1753 eto
314 1714 558 1768 Imperatore,
582 1726 650 1768 pro
667 1711 804 1766 justitia
819 1711 1069 1756 decernente,
1099 1708 1214 1751 aliam
1235 1725 1388 1765 quoque
1410 1713 1626 1768 Imaginem
1646 1710 1775 1756 illam,
1806 1709 1829 1751 ὲ
1849 1709 1986 1751 nostris
2008 1721 2091 1749 tam

226 1769 321 1825 juste
333 1800 343 1817 ,
374 1770 492 1825 quam
509 1769 651 1811 fervide
660 1773 881 1826 repetitam,
909 1767 1083 1825 proxime
1098 1783 1167 1825 pro
1186 1782 1280 1809 voto
1296 1768 1344 1809 ab
1355 1769 1572 1824 adversarijs
1593 1768 1879 1810 restituendam.
1937 1770 2097 1824 Spetare

227 1832 413 1870 nimirum
425 1829 464 1869 id
482 1828 587 1883 jubet
601 1827 757 1885 ipsamet
773 1830 940 1884 Virginis
950 1826 1209 1867 Immaculatae
1221 1828 1446 1883 Conceptio
1457 1857 1469 1875 ‚
1499 1829 1603 1883 cujus
1619 1842 1761 1884 nupera
1786 1826 1963 1868 Solennis
1978 1824 2093 1866 Festi-

226 1890 323 1931 vitas
340 1886 388 1928 eo
408 1890 532 1928 extitit
546 1886 609 1928 hic
628 1886 802 1943 Augusta:
822 1886 1041 1942 gloriosior,
1071 1900 1150 1940 quo
1174 1884 1336 1926 feliciori
1364 1886 1557 1942 ipsiusmet
1576 1885 1827 1943 Augustiffimi
1852 1885 2097 1940 Imperatoris

226 1945 441 2002 praesentia,
469 1960 513 1986 ac
534 1944 710 2000 singulari
728 1973 739 1991 ,
767 1944 929 2000 vereque
951 1942 1127 1999 Hispano
1141 1970 1157 1976 -
1184 1942 1376 1985 Austriaca
1403 1945 1613 1987 devotione
1631 1973 1642 1991 ,
1672 1958 1752 1985 tam
1772 1957 1861 1999 erga
1877 1941 2096 1998 Augustiffi·

224 2017 333 2045 mum
357 2003 494 2045 Altaris
506 2007 795 2045 Sacramentum
834 2002 948 2057 (quid
960 2005 1065 2042 enim
1080 2001 1134 2042 est
1155 2001 1387 2044 Evcharistia
1401 2004 1584 2060 fflspanis?
1614 2001 1749 2043 nonne
1777 2001 1925 2057 hispanis
1939 2027 1950 2046 ,
1982 2014 2102 2040 nem-r

224 2077 272 2118 pe
284 2066 396 2103 vitae?
427 2064 529 2116 cujus
552 2075 678 2102 autem
710 2065 815 2117 panis
836 2061 889 2102 est
915 2060 1158 2113 Evcharistia?
1204 2060 1339 2101 nonne
1358 2061 1406 2100 hic
1434 2062 1607 2115 Austriae?
1656 2066 1668 2110 )
1697 2058 1814 2115 quam
1839 2073 1927 2114 erga
1953 2061 2097 2098 imma-v

223 2120 390 2161 culatam
414 2123 517 2178 Agni
536 2119 772 2161 immaculati
795 2122 964 2160 Matrem
983 2148 994 2165 ,
1025 2119 1074 2159 ad
1095 2118 1283 2160 summam
1313 2119 1610 2160 Catholicorum
1646 2118 1966 2162 aedificationem‚
1995 2118 2094 2156 Aca-

224 2178 459 2220 tholicorum
484 2178 575 2221 vero
595 2176 789 2223 nauseam,
820 2176 890 2218 fuit
909 2176 1190 2224 concelebrata,
1251 2179 1297 2218 Et
1330 2176 1435 2224 sane,
1466 2177 1782 2218 cumMonarcha
1796 2174 1859 2216 ille
1880 2173 2095 2230 August-iffi·

224 2251 330 2281 mus,
356 2238 493 2278 Virtute
517 2240 653 2277 Patrum
679 2250 736 2277 ter
771 2234 952 2277 secundus
967 2264 979 2282 ,
1010 2238 1142 2276 unicus
1159 2235 1319 2290 quidem
1338 2234 1515 2292 superstes
1530 2265 1540 2281 ,
1571 2235 1632 2276 sed
1653 2250 1723 2291 pro
1744 2247 1838 2277 voto
1851 2235 1964 2274 totius
1976 2231 2094 2274 Chri-

224 2295 334 2337 stiani
355 2295 486 2339 orbis,
517 2294 656 2336 merito
690 2296 1110 2350 MVLtIpLICanDVs
1130 2324 1139 2340 ‚
1170 2297 1341 2335 Paternae
1373 2307 1456 2335 tum
1482 2296 1649 2340 virtum,
1684 2307 1767 2334 tum
1797 2295 1981 2348 potentiae
2008 2290 2089 2333 hae-

227 2369 283 2394 res
298 2382 309 2400 ,
344 2353 613 2410 Augustiffimae
641 2353 832 2394 Coclitum
854 2355 1088 2409 Imperatrici
1108 2351 1131 2393 a
1155 2356 1292 2393 teneris
1313 2353 1467 2407 jamjam
1498 2357 1608 2393 annis
1637 2351 1927 2395 addistiffimus‚
1958 2351 2092 2405 genui-

226 2424 297 2452 nus
325 2411 576 2467 Leopoldinae
592 2410 738 2465 Aquilae
768 2410 912 2468 pullus,
943 2413 1162 2466 Oeniponti
1183 2410 1204 2452 a
1223 2409 1493 2466 Tyrolenfibus
1518 2409 1672 2451 subditis
1703 2409 1835 2466 paullo
1863 2406 1955 2448 ante
1982 2405 2091 2447 debi-

225 2476 309 2511 tum
323 2468 526 2526 fiiscepiffet
536 2470 760 2525 homagium
774 2499 785 2516 ,
816 2485 898 2510 non
918 2469 983 2510 sub
1003 2468 1076 2510 alia
1087 2469 1245 2524 quidem
1261 2470 1466 2524 juramenti
1483 2467 1668 2516 formula,
1698 2467 1815 2523 quam
1829 2466 1917 2512 illa,
1945 2479 2029 2521 quae
2039 2464 2092 2506 ab

224 2527 488 2585 Augustiffimo
498 2527 764 2583 glorioliffimae
777 2532 975 2569 memoriae
986 2530 1146 2568 Parente
1162 2556 1173 2574 ,
1200 2530 1423 2571 Lnopoum,
1446 2529 1523 2582 iam
1539 2530 1657 2568 Anno
1679 2533 1778 2580 1691.
1799 2529 1840 2567 in
1860 2523 2089 2581 singularem

224 2585 483 2628 Immaculata:
493 2588 774 2642 Conceptionis
786 2587 982 2627 honorem
1000 2585 1286 2627 laudabiliffime
1305 2584 1517 2642 praescripta
1530 2613 1541 2632 ,
1573 2584 1828 2641 omnibusque
1846 2581 2093 2634 haereditarijs

224 2656 305 2686 tam
314 2643 509 2700 superioris
523 2669 534 2687 ,
564 2644 681 2699 quam
696 2644 883 2685 inferioris
909 2645 1064 2685 Austriae
1075 2645 1282 2698 Provinciis
1300 2643 1518 2685 sanfflffime
1533 2643 1768 2685 obstrvanda
1786 2641 2083 2699 proponebatur»

227 2705 432 2743 nimirum:
463 2703 513 2742 sic
524 2717 572 2742 me
582 2704 714 2743 DEus
725 2701 882 2757 adjuvet,
915 2706 1064 2759 Concepta
1078 2702 1146 2756 fine
1165 2704 1249 2742 omni
1268 2703 1394 2742 macula
1419 2703 1604 2759 Deanffima
1624 2704 1743 2741 DEI
1751 2703 1889 2745 Mater,
1921 2708 1959 2743 ά·
1980 2711 2089 2739 omnes

226 2761 353 2801 Sanb'li:
383 2764 473 2801 cum
483 2774 663 2817 praeterea
674 2761 765 2800 inde
791 2763 925 2801 itinere
938 2760 1146 2816 Augustam
1156 2764 1280 2803 versus
1290 2759 1478 2817 suscepto,
1509 2760 1593 2817 post
1604 2759 1855 2801 devotionem
1872 2757 1976 2799 suam
1994 2788 2004 2804 ,
2035 2754 2085 2796 ad

226 2821 528 2875 Tavmaturgam
542 2822 581 2859 in
595 2832 735 2875 campo
747 2820 868 2873 Lycio
878 2813 1082 2875 Virginem
1096 2848 1106 2864 ‚
1137 2822 1177 2860 in
1196 2818 1336 2875 Vigilia
1347 2819 1514 2872 ejusdem
1528 2817 1781 2859 immaculatae
1792 2818 2089 2872 ConceptioniS,

224 2876 487 2918 ferventiffime
497 2876 722 2932 persolutam
734 2906 744 2922 ‚
775 2879 985 2918 Civitatem
998 2876 1166 2918 nostram
1183 2876 1442 2933 Augustanam
1454 2907 1465 2923 ,
1493 2891 1569 2932 prae
1581 2879 1799 2917 communis
1819 2874 2087 2932 magnitudine

223 2934 349 2992 gaudij
369 2937 431 2974 vix
447 2933 563 2975 semet
582 2938 802 2991 capientem
818 2934 1100 2991 ingrederetur,
1138 2950 1183 2976 ac
1205 2949 1271 2991 per
1293 2937 1450 2976 Portam
1470 2934 1604 2975 rubam
1639 2938 1828 2990 primum,
1858 2933 1997 2974 deinde
2018 2945 2086 2988 per

222 2992 391 3034 eandem
410 2994 557 3047 prorsus
582 2997 702 3036 viam,
732 2992 808 3048 qua
823 2993 871 3033 ad
892 2991 1146 3049 supradictum
1175 2993 1448 3049 praedicatoriae
1473 2993 1612 3033 domus
1642 2992 1936 3048 frontispicium,
1968 2988 2084 3031 Sacra

224 3053 397 3107 Imagine
411 3048 612 3105 spoliatum
625 3079 634 3095 ,
651 3055 835 3107 pergitur,
867 3051 916 3091 ad
932 3064 1181 3107 praeparatum
1197 3050 1263 3092 sibi
1284 3050 1484 3107 Imperiale
1502 3050 1688 3092 Palatium
1711 3050 1854 3106 magna
1871 3063 1960 3089 cum
1972 3063 2085 3104 pom-

227 3108 277 3165 pa
297 3107 566 3148 deduceretur:
598 3109 691 3161 quid
716 3109 819 3150 aliud
839 3109 975 3153 nobis,
1010 3109 1051 3150 id
1081 3108 1287 3150 feliciffime:
1306 3108 1567 3165 spectantibus,
1588 3113 1752 3150 ominari
1775 3107 1932 3153 licebat,
1963 3106 2084 3160 quarn

228 3166 425 3213 Eundem,
455 3178 497 3208 ut
506 3169 690 3223 proximis
710 3165 841 3208 diebus
857 3166 1093 3212 francofurti
1113 3166 1369 3226 gloriosissune
1389 3167 1680 3214 coronandum,
1712 3166 1970 3220 itajustiffimae
1986 3180 2086 3218 quo,⁸

1952 3245 2026 3284 que
