2159 3508
52 1353 161 1414 393·

49 1776 117 1805 Psal.
127 1784 173 1807 90.

52 1828 77 1847 V.
86 1826 128 1848 10·

51 2174 118 2203 Psal.
135 2185 170 2209 31.

52 2226 77 2246 v.
91 2225 134 2245 ιο.

50 2454 169 2492 Ρῐῑιῐμᾳς·

50 2507 73 2526 v.
88 2507 111 2535 5.

84 2797 157 2833 ibid,

802 103 1122 187 Conceptus
1202 103 1349 168 LVI.

228 198 458 258 originalem
491 202 683 243 Genitrici
711 199 781 242 suae
827 205 1017 242 innocen-

227 262 324 302 tiam
339 289 351 305 ‚
379 259 491 301 omni
517 260 593 301 vita
611 260 872 316 pretiosiorem
887 288 897 305 ‚
922 274 1016 299 con-

229 316 389 359 servaret
403 346 414 364 ,
445 317 595 358 nullum
605 322 733 359 timuit
748 320 1014 373 vitae-propriae

231 375 447 432 periculum
458 405 468 422 ,
502 375 585 417 imo
595 375 746 432 praevisa
758 375 1013 417 Sacratiffimae

229 433 299 474 ssiae
312 434 443 475 futurae
463 434 636 491 passionis
656 463 666 479 ‚
700 449 744 474 ac
760 436 894 474 mortis
914 462 925 478 ‚
944 431 1013 472 hu-

227 492 392 533 manain
411 507 523 532 carne
534 491 751 538 subeundae,
783 493 918 531 merita
931 491 1010 542 jam

226 563 312 591 tum
330 553 447 591 Matri
467 550 733 606 praestrvandae
761 547 1011 589 mistricordi-

228 621 288 649 ter
304 607 519 666 applicavit.

414 929 563 1008 De)
592 927 967 1036 Concepta

1732 123 1811 176 191

1205 244 1246 294 ἕ.
1265 252 1316 303 7.
1352 235 1709 308 Anagramma.

1105 331 1204 377 aVe
1228 332 1386 375 anIMa
1410 331 1631 376 DILecta
1649 361 1662 384 ‚
1680 333 1801 390 era

1363 395 1387 445 a
1411 396 1528 444 Labe
1550 398 1560 444 2

1065 475 1171 533 Virgo
1190 492 1260 516 mea
1271 475 1384 515 dilebla
1396 477 1409 514 .'
1431 477 1483 515 Tu
1494 491 1603 514 manes
1612 476 1822 532 animapura.

1287 534 1419 576 Verfio
1438 533 1609 574 litteralis

1060 594 1141 633 Ave
1149 593 1286 638 Maria,
1297 591 1525 649 gratid‘plena‚
1544 593 1703 632 Dominus
1718 608 1833 633 tecum.

1044 924 1253 1005 Sacra
1336 924 1662 1032 Deipara.

548 1096 1175 1171 CONCEPTU
1200 1096 1242 1162 S
1331 1094 1555 1166 LVII.

425 1269 463 1322 ξ.
491 1272 525 1312 Ι.
564 1260 819 1330 Scriptura.

292 1355 566 1398 InteMerata
616 1348 938 1401 DILVCVLc').

222 1451 382 1504 Pial.45.
411 1467 444 1491 v·
461 1456 492 1491 6.
535 1449 728 1506 Adjuwabit
762 1467 831 1491 eam
854 1453 938 1490 DE
947 1459 981 1491 H
988 1455 1014 1490 S

278 1525 370 1548 mane
395 1507 542 1548 diluculi).

329 1582 498 1624 Raeclare
521 1585 663 1638 Regius
691 1582 890 1637 quondam
920 1582 1010 1622 Pro-

221 1589 323 1721 P
355 1640 470 1698 pheta
480 1641 527 1681 de
540 1640 717 1687 Christo,
747 1647 788 1682 ὃς
804 1643 850 1681 Μ
862 1656 887 1680 A
899 1654 926 1680 R
937 1655 949 1679 1
963 1655 1010 1685 A,

363 1704 404 1739 in
431 1699 558 1754 spiritu
581 1698 634 1739 est
650 1702 896 1740 vaticinatus:
928 1699 1011 1737 Non

222 1756 347 1795 accedet
361 1756 407 1796 ad
417 1758 464 1796 Te
478 1757 598 1795 malum
608 1786 619 1802 ,
651 1766 688 1799 (9-
690 1756 858 1814 flagellum
881 1772 942 1795 non
950 1767 1009 1812 ap-

216 1814 442 1871 propinquabit
466 1815 664 1854 tabernaculo
675 1829 748 1860 tuo3
778 1815 854 1855 hoc
866 1818 1008 1870 quippe

222 1876 262 1912 in
272 1872 458 1928 puriffima
470 1875 910 1929 VirginisConceptione
921 1887 1006 1913 om—

219 1930 380 1971 nimode
392 1934 569 1972 novimus
579 1930 832 1987 adimpletum
844 1950 854 1978 3
882 1934 1006 1971 enim-

221 1988 334 2034 vero,
365 1989 390 2029 si
412 1989 639 2046 perflagellum
651 1989 800 2045 saepiiis,
836 1993 954 2031 Sacris
965 1993 1005 2029 in

224 2050 370 2103 paginis
395 2075 405 2093 ,
450 2060 614 2105 peccatum
645 2075 655 2093 ‚
685 2046 881 2104 peccative
925 2046 1007 2105 sup-

226 2104 384 2160 plicium
400 2105 623 2162 intelligitur
635 2135 645 2151 ‚
676 2106 836 2146 testante
846 2105 1008 2161 idipsum

226 2162 416 2207 Pialmista
439 2193 450 2210 ,
481 2164 540 2204 his
559 2163 706 2205 verbis:
749 2163 1009 2221 Multaflagella

217 2223 413 2277 peccatoris,
443 2221 517 2263 tale
538 2221 708 2278 profecto
723 2221 939 2278 flagellum,
965 2222 1008 2263 fi-

223 2294 288 2319 cut
299 2295 380 2320 non
397 2281 543 2321 acceffit
558 2281 606 2324 ad
621 2280 817 2322 Christum
828 2309 837 2326 ‚
847 2280 894 2320 sic
914 2296 1002 2335 neq5

223 2341 528 2394 appropinquare
561 2339 731 2393 unquam
769 2341 894 2394 potuit
922 2341 1009 2381 Vira-

220 2400 337 2451 gineo
349 2398 425 2450 ejus
440 2397 642 2436 tabernaculo
665 2400 863 2447 (MARIAE)
883 2396 904 2437 ὲ
917 2399 1008 2438 Deo

215 2452 467 2510 ipecialiffime
495 2455 754 2496 Sanctificato:
786 2455 1006 2510 Sanffificavie

217 2511 455 2552 tabernaculum
481 2514 576 2568 ficum
613 2514 800 2569 Altiffimus.
832 2517 871 2553 in
900 2515 1002 2568 cujus

218 2570 350 2610 medio
360 2600 371 2617 ‚
403 2571 593 2627 puriffimo
611 2570 750 2612 scilicet
762 2570 1002 2613 dileetiffimae

217 2630 426 2670 Genitricis
447 2630 583 2674 corde,
614 2631 761 2671 Divina
780 2644 900 2686 gratia
915 2645 1001 2670 om-

218 2689 260 2726 ni
277 2700 449 2743 tempore
465 2687 590 2728 sedem
607 2689 710 2734 fixit,
740 2703 812 2728 nec
823 2703 1002 2729 commo,

218 2748 295 2785 veri
316 2745 485 2800 unquam
498 2771 508 2788 2
525 2746 643 2787 velad
665 2760 934 2793 momentum,
958 2750 1000 2787 in

217 2801 363 2842 malum
374 2803 516 2845 voluit.-
546 2806 676 2844 DEus
691 2805 724 2843 in
733 2804 832 2844 medio
843 2807 922 2860 ejm,
937 2821 1000 2845 non

213 2859 467 2900 commovebitur.
526 2863 591 2901 Ne
606 2876 733 2902 autem
745 2863 997 2910 crederemus,

213 2919 305 2959 dicti
339 2917 535 2958 tabernaculi
559 2949 569 2965 ,
616 2922 781 2976 Virginis
819 2923 997 2977 Deiparae

213 2975 562 3020 Sanstificationem
582 3004 594 3022 ‚
625 2976 728 3018 fuisse
753 2977 913 3018 similem
931 2978 998 3020 ali-

211 3049 344 3080 orum,
374 3037 440 3088 qui
460 3048 634 3075 materno
656 3034 781 3076 adhuc
801 3038 842 3074 in
865 3047 971 3077 utero
986 3065 996 3083 ‚

212 3092 299 3150 post
333 3094 572 3133 contractam
592 3105 721 3133 tamen
746 3107 997 3135 communem

212 3154 360 3207 peccati
384 3149 598 3194 maculam,
629 3150 730 3193 fuere
757 3151 994 3199 sanffificati,

1063 1234 1228 1275 studiose
1271 1240 1476 1291 apponitur
1505 1254 1512 1275 :
1552 1235 1740 1294 Adjuwabit
1780 1252 1852 1278 eam

1062 1295 1193 1332 DEtzs
1213 1296 1305 1332 mane
1316 1293 1460 1333 diluculi).
1488 1296 1580 1349 quid
1601 1300 1707 1346 enim
1728 1295 1851 1335 diluta->-

1059 1351 1126 1390 lum
1136 1355 1303 1407 Virginis
1320 1351 1421 1393 aliud
1443 1352 1600 1399 dixeris,
1631 1354 1698 1394 nisi
1718 1353 1850 1395 beatis-

1058 1408 1193 1448 fimum
1239 1411 1520 1465 Conceptionis
1561 1426 1808 1453 momentum
1838 1426 1848 1453 ³

1058 1466 1151 1520 quid
1164 1468 1272 1506 Mane
1290 1496 1300 1511 ‚
1332 1468 1399 1506 nili
1422 1467 1643 1508 laetiffimam
1678 1471 1849 1523 ejusdem

1057 1525 1335 1565 Nativitatem?
1364 1528 1462 1581 Qae
1479 1528 1568 1566 cum
1592 1530 1643 1566 ita
1663 1527 1758 1574 fim,
1789 1529 1847 1581 ju-

1058 1596 1123 1624 vet
1134 1582 1377 1637 quantumvis
1389 1586 1497 1624 Dius
1510 1587 1666 1626 Sanstos
1685 1585 1844 1640 aliquos,

1057 1639 1191 1681 adsolv's
1202 1641 1393 1688 occubitum,
1427 1656 1468 1682 ut
1485 1642 1633 1683 bonum
1653 1645 1778 1698 juvare
1791 1643 1846 1685 la-

1058 1712 1214 1739 tronem
1224 1699 1369 1743 voluit,
1399 1703 1461 1741 cui
1483 1699 1574 1741 salus
1595 1705 1635 1742 in
1653 1702 1736 1758 ipfis
1760 1706 1846 1743 vitae

1058 1760 1236 1798 extremis
1267 1757 1408 1814 obtigit
1441 1776 1448 1798 :
1479 1760 1583 1814 juvet
1603 1758 1696 1814 aljos
1714 1759 1762 1800 ad
1787 1774 1846 1802 ‘ve-

1047 1814 1194 1872 sperum,
1212 1830 1252 1856 ut
1260 1817 1388 1870 juvare
1403 1815 1546 1873 placuit
1554 1818 1844 1874 Magdalenam‚

1057 1877 1098 1913 in
1129 1878 1293 1930 peccatis
1320 1878 1571 1916 inveteratam
1590 1905 1600 1922 ‚
1638 1876 1845 1932 lachrymis

1056 1944 1186 1972 tamen
1201 1947 1356 1988 peccata
1365 1933 1575 1974 diluentem
1585 1963 1594 1979 ,
1612 1935 1717 1988 juxta
1727 1935 1844 1976 illud:

1056 1988 1103 2029 ad
1129 1990 1290 2046 vesperum
1311 1991 1524 2031 demorabitur
1534 1991 1657 2046 fletus:
1679 1995 1784 2046 juvet
1801 1993 1848 2034 ad

1056 2048 1217 2087 meridiem
1249 2048 1342 2089 alios
1358 2078 1368 2094 ,
1399 2063 1440 2090 ut
1466 2050 1610 2104 adjuvit
1631 2053 1843 2108 Martyres,

1057 2109 1098 2145 in
1109 2105 1282 2163 supremo
1296 2106 1562 2163 persecutionis
1583 2108 1692 2156 aestu,
1724 2117 1764 2152 &
1781 2125 1844 2151 ca-

1057 2163 1160 2208 lore,
1191 2180 1260 2221 pro
1271 2166 1347 2206 fide
1363 2165 1680 2207 constantiffimos
1700 2185 1707 2208 :
1738 2170 1845 2222 juvet

1056 2222 1246 2277 quosdam
1275 2223 1321 2263 ad
1340 2225 1468 2264 tertiam
1491 2224 1552 2264 diei
1581 2225 1709 2272 horam,
1739 2226 1845 2268 velut

1057 2281 1283 2337 Apost0105,
1315 2282 1363 2322 ad
1390 2285 1554 2338 primam
1570 2283 1712 2324 Christi
1727 2300 1843 2326 voca-

1057 2343 1207 2380 tionem
1222 2344 1462 2396 quantocyus
1481 2346 1614 2382 omnia
1624 2341 1842 2397 relinquen-

1058 2411 1136 2437 tes.-
1162 2399 1265 2451 juvet
1275 2398 1441 2453 denique
1454 2398 1570 2445 alios,
1600 2399 1742 2455 eosque
1756 2416 1840 2457 pera

1051 2470 1193 2511 paucos
1205 2472 1318 2501 mane,
1349 2470 1391 2497 ut
1411 2459 1650 2498 Hieremiam
1664 2462 1678 2504 ’,
1709 2465 1749 2500 ὃ(
1773 2465 1840 2511 Joa

1050 2528 1193 2554 annem
1206 2514 1412 2571 Baptistam
1422 2544 1432 2562 ,
1457 2519 1498 2555 in
1510 2529 1619 2557 utero
1633 2514 1838 2557 sanctificas

1052 2585 1112 2612 tos
1133 2601 1142 2617 ‚
1171 2572 1297 2614 statim
1329 2572 1412 2628 post
1442 2572 1630 2615 Auroram
1664 2604 1674 2620 ‚
1716 2574 1836 2630 caeptai

1050 2631 1128 2683 jam
1138 2630 1300 2671 naturali
1309 2630 1404 2677 vitas
1434 2635 1619 2673 Attamen
1640 2632 1688 2673 ad
1699 2632 1834 2673 Beatis-

1876 343 1996 404 392·

1868 2001 1934 2032 Psal.
1943 2012 1986 2035 25-

1868 2054 1894 2074 Υ.
1905 2051 1931 2073 6.

1049 2688 1183 2729 fimam
1200 2692 1400 2746 Virginem
1416 2719 1426 2735 ‚
1457 2693 1549 2746 quasi
1564 2690 1733 2730 diluculum
1747 2702 1833 2746 prae-
1857 2703 1979 2739 ostes}

1040 2758 1183 2803 paratus
1197 2745 1378 2803 estegreffiu
1394 2750 1470 2803 ejus.
1502 2748 1629 2803 dicere
1649 2762 1797 2804 poterat
1822 2767 1830 2790 :
1860 2760 1921 2785 Μ·

1048 2806 1280 2845 Ῥνωνεηετηητ
1290 2802 1371 2845 oculi
1381 2806 1442 2845 mei
1450 2803 1497 2844 ad
1501 2819 1531 2845 te
1541 2805 1834 2859 diluculbadjuvi't
1857 2810 1923 2844 Psai.
1935 2814 1990 2845 ηε,

1046 2873 1216 2918 namque
1228 2865 1366 2905 DEUS
1385 2866 1576 2908 Milium,
1587 2863 1714 2904 favore
1726 2869 1835 2920 peni·
1858 2861 1954 2892 '⁰¹4⁸‘

1046 2924 1105 2961 tiis
1121 2922 1420 2962 extraordinario
1431 2950 1441 2966 ,
1471 2933 1548 2975 atq,
1566 2920 1693 2961 omnis
1704 2927 1835 2978 gratiae

1047 2993 1328 3034 praeventione,
1361 2994 1444 3018 non
1469 2994 1562 3017 mane
1587 2993 1759 3026 tantum,
1791 2997 1832 3024 ut

1048 3035 1134 3077 illos
1153 3048 1310 3092 paucos,
1341 3039 1473 3076 verum
1493 3045 1584 3075 mane
1593 3037 1749 3085 diluculh,
1763 3040 1831 3081 bo⁸

1047 3109 1101 3134 no
1114 3094 1247 3139 mane,
1263 3094 1370 3134 sumo
1385 3108 1512 3140 mane,
1535 3098 1575 3134 in
1598 3095 1677 3151 ipsii
1688 3095 1829 3139 scilicet

1045 3151 1160 3193 foetus
1170 3155 1406 3192 animatione
1425 3167 1510 3193 eam
1518 3154 1799 3195 Sanfflficando
1815 3186 1825 3201 ,

1718 3223 1798 3264 jux-
