2159 3508
127 327 258 398 629.

335 121 433 179 3¹4

391 249 393 251 ¹
445 231 486 284 ς.
511 223 565 276 6.
597 222 893 296 Antiquitas.

383 340 618 387 PraeCLara
681 337 976 382 ALeXanDrI

566 409 767 468 praeMIa.

287 491 551 592 PRofanos
594 494 693 532 inter
726 493 874 546 RegeS,
905 488 1071 530 celeber-

404 553 544 590 rimum
564 551 642 604 jam
672 551 799 604 saepius
821 548 1070 604 produximus

283 608 556 649 Alexandrum.
607 609 726 647 Hunc
750 605 949 647 enimvero
962 620 1068 661 mag-

282 680 378 706 num
418 665 662 707 Macedoniae
693 664 954 706 Monarcham
975 693 985 709 ,
1019 679 1066 704 ex

280 722 411 764 multis
428 724 527 778 alijs‚
555 723 788 780 singulariter
818 722 1069 762 commendat

284 781 438 838 insignis
465 796 554 838 erga
575 786 721 822 amicos
748 779 830 821 suos
845 779 1068 825 liberalitas,

283 840 420 894 quibus
450 855 533 881 non
552 838 668 880 semel
709 838 886 895 praeclara
933 838 1069 878 admo-

281 898 376 939 dum
396 927 407 944 ,
442 914 488 941 ac
521 897 778 954 pretiofisfima
802 896 954 952 elargiri
979 911 1071 952 prae-

280 959 360 997 mia
371 956 579 997 consuevit.
635 958 818 1012 Expertus
831 955 869 995 id
886 954 955 995 fuit
970 957 1072 994 Ana-

280 1014 444 1056 xarchus
471 1014 723 1071 Philosophus
746 1043 757 1059 ‚
788 1016 853 1067 qui
879 1042 890 1058 ‚
920 1015 1010 1052 cum
1051 1011 1074 1052 ἐι

283 1075 413 1129 Regio
437 1072 622 1127 quaestore
647 1085 806 1112 centum
821 1069 981 1126 petijsset
995 1073 1073 1110 Ta-

282 1130 414 1177 lenta,
446 1130 510 1171 ille
549 1129 641 1171 vero
667 1144 748 1169 tam
775 1142 999 1173 enormem,
1031 1142 1073 1168 ut

277 1188 351 1234 sibi
370 1189 570 1230 videbatur
589 1217 599 1233 ‚
630 1190 859 1243 petitionem
880 1186 929 1226 ad
951 1185 1072 1241 ipsum

283 1247 548 1291 Alexandrum
567 1245 807 1286 referendam
819 1244 1051 1286 existimaret
1061 1274 1072 1290 ,

282 1305 484 1346 inaudiens
498 1331 510 1348 ‚
536 1303 644 1359 quod
665 1302 862 1359 petebatur
882 1329 894 1347 ‚
925 1305 1010 1343 Rex
1034 1306 1074 1342 in

276 1364 366 1407 ‘haec
384 1363 501 1405 verba
519 1361 712 1418 respondit
734 1378 742 1402 z
774 1360 873 1416 K'ffi
880 1360 962 1415 fecit
979 1361 1077 1401 Ana-

282 1421 426 1464 xmbm
451 1451 462 1467 ‚
483 1421 611 1477 sciens,
639 1420 676 1476 ft
693 1420 827 1459 amicum
850 1418 964 1459 habere
982 1448 994 1465 ,
1024 1420 1078 1476 qui

284 1494 414 1521 tamum
439 1478 635 1536 darepoffit,
662 1485 703 1522 όν
718 1478 812 1518 velie.
880 1476 1074 1522 Similiter,

285 1541 378 1580 cum
396 1553 445 1579 ex
464 1541 597 1579 amicis
607 1535 819 1580 Alexandri
853 1549 948 1575 unus
962 1560 973 1578 ,
1004 1550 1077 1576 no-

284 1599 393 1637 mine
404 1595 572 1639 Penius,
598 1595 737 1636 dotem
752 1593 801 1635 ab
814 1591 883 1634 illo
899 1607 971 1649 pro
982 1593 1077 1634 filia-

284 1653 355 1696 bus
376 1652 566 1711 petijssst²
594 1653 692 1708 juffit
717 1654 804 1693 Rex
819 1651 900 1692 dari
916 1650 1078 1706 quadra-

286 1716 396 1770 ginta
405 1712 570 1754 talenta:
596 1714 661 1752 cui
677 1712 767 1751 cum
781 1722 984 1765 reponeret
994 1708 1077 1766 sup-

282 1771 432 1829 plicans
448 1787 461 1811 .-
504 1771 624 1810 Decem
652 1765 710 1824 effi
739 1766 838 1823 fitis.
895 1768 983 1809 Rex
1020 1782 1078 1808 re-

279 1829 439 1887 spondit
457 1844 469 1868 :
499 1827 586 1868 Tibi
601 1826 727 1885 quidem
750 1824 835 1882 statis
854 1823 895 1879 est
911 1853 923 1872 ,
953 1838 1079 1868 tantum

283 1888 443 1947 κάμνω
471 1886 552 1929 mihi
570 1885 649 1928 verr)
659 1883 746 1941 fictis
767 1899 829 1925 non
848 1882 890 1937 est
909 1911 920 1929 ,
950 1897 1078 1926 tanam:

284 1945 375 1994 daim·⁴
405 1947 512 1988 Cum
531 1943 700 1999 denique
721 1941 830 1984 alteri
840 1940 988 1983 Urbem
1004 1942 1075 1984 do-

282 2016 396 2048 naret
410 2029 422 2047 ‚
452 2002 560 2059 isc¹1ue
600 2002 777 2043 diceret:
807 2001 892 2041 Non
929 2001 1078 2043 commit

276 2064 418 2118 fortuna
428 2078 501 2103 meae
509 2075 637 2101 rantum
651 2059 778 2099 donum.
801 2061 814 2098 i
816 2056 878 2114 pse
888 2057 1070 2114 reposuit:

282 2119 371 2163 'Mn
389 2118 537 2167 attendo,
566 2117 648 2176 quid
660 2116 811 2159 “deceat
832 2116 992 2172 accipere,
1017 2116 1079 2172 fid

284 2177 364 2238 quid
374 2194 424 2219 me
443 2175 649 2218 decenam.
715 2177 865 2231 Magna
879 2173 1004 2221 certe,
1034 2190 1079 2216 ac

286 2235 375 2279 vere
400 2239 526 2295 Regia
548 2237 692 2293 Magni
719 2232 951 2278 Macedonis
980 2232 1075 2276 libe-

285 2294 433 2343 salitas!

371 2352 447 2395 Sed
458 2355 540 2407 quis
553 2352 744 2405 majorem
764 2363 847 2391 non
868 2348 1008 2390 dixerit
1031 2348 1076 2389 li-

283 2410 525 2454 beralitatem
549 2412 667 2466 Regis
676 2410 852 2464 Regum,
881 2421 969 2463 erga
980 2410 1075 2448 arm'-

738 96 831 159 De
841 77 1131 175 Concepta
1159 95 1314 154 Sacra
1336 90 1572 173 Deipara

1123 201 1228 226 mam
1238 188 1430 227 Matrem?
1465 184 1735 241 Experiebatur
1753 183 1853 225 certe
1867 183 1909 222 il-

1122 243 1180 289 la,
1212 244 1424 284 amicumse
1439 244 1578 284 habere
1595 273 1605 288 ,
1636 242 1717 283 imo
1741 242 1908 284 futurum

1122 303 1323 356 quondam
1361 301 1499 342 Filium
1522 331 1532 347 ‚
1570 304 1636 355 qui
1665 300 1754 340 dare
1779 304 1907 340 omni-

1121 361 1281 400 modam
1293 360 1315 400 ὲ
1339 363 1505 416 peccatis
1521 358 1700 399 omnibus
1713 357 1906 413 praeierva-

1123 421 1270 458 tionem
1295 425 1335 460 ὃ(
1361 419 1493 474 polilt,
1524 423 1565 460 δε
1591 415 1712 456 velit:
1746 429 1906 456 noverat

1121 475 1206 521 illa,
1240 476 1319 517 satis
1346 476 1506 530 quidem
1528 475 1594 515 fibi
1617 473 1804 517 futuram,
1838 488 1906 527 pro

1119 548 1279 589 peccato
1304 533 1507 591 originali,
1535 533 1559 573 si
1575 533 1679 588 quod
1692 547 1738 572 ex
1755 531 1908 571 Adamo

1120 598 1131 641 (
1152 591 1359 633 secundum
1383 592 1577 637 debiturn,
1616 590 1722 645 quod
1742 588 1909 629 habebat

1118 654 1368 706 proximum)
1410 647 1641 694 incurrisset,
1674 648 1909 703 redemptio-

1118 724 1211 748 nem
1224 708 1463 749 liberativam
1475 737 1486 754 ,
1517 707 1724 763 deperditae
1736 705 1908 760 aliquan-

1119 766 1171 806 do
1196 770 1323 823 gratiae
1354 766 1644 806 restitutricem:
1675 777 1835 805 noverat
1864 762 1908 802 il-

1121 824 1157 864 la
1172 854 1183 870 ,
1216 840 1298 865 non
1325 828 1533 865 convenire
1554 823 1716 864 fortunae
1735 821 1805 862 suae
1824 835 1909 862 tan-

1120 895 1204 929 tum
1260 881 1553 938 praeservationis
1597 882 1771 931 donum5
1800 879 1909 934 fiqui-

1122 941 1212 980 dem
1229 940 1380 996 praecise
1409 969 1419 985 ‚
1455 954 1496 981 ut
1526 941 1665 981 Adami
1689 938 1766 979 filia
1788 938 1908 979 confi-

1122 998 1273 1039 deretur
1288 1016 1299 1037 .-
1331 998 1437 1053 quod
1460 1000 1611 1052 utique,
1651 997 1715 1038 sub
1736 996 1804 1037 tali
1831 996 1908 1037 for-

1122 1057 1294 1097 malitate
1328 1087 1339 1103 ,
1384 1055 1546 1096 minime
1604 1055 1659 1097 illi
1709 1070 1907 1111 compete-

1122 1128 1188 1155 ret.
1247 1118 1430 1165 Attamen
1479 1113 1656 1155 Coelestis
1691 1113 1909 1154 Alexander

1127 1177 1147 1224 (
1160 1172 1425 1213 munificentia
1449 1171 1536 1213 vere
1560 1170 1682 1227 Regia
1693 1174 1713 1224 )
1739 1171 1908 1213 absolute

1124 1231 1455 1286 Redemptionem
1476 1229 1598 1282 voluit
1621 1228 1800 1271 adhibere
1816 1245 1909 1287 prae—

1125 1287 1374 1334 fiervarffam,
1406 1288 1488 1328 acfi
1509 1288 1557 1328 ad
1590 1290 1813 1332 MARlAM
1853 1289 1909 1329 di-

1126 1361 1228 1388 ceret
1254 1365 1262 1385 :
1292 1346 1385 1393 Tibi
1406 1346 1586 1400 quidem,
1617 1360 1657 1387 ut
1677 1346 1769 1387 Adae
1781 1346 1883 1388 Filiae
1898 1376 1909 1393 ‚

1126 1404 1208 1445 satis
1230 1404 1319 1446 esset
1343 1435 1355 1451 ³
1386 1418 1538 1445 tantum
1569 1408 1762 1461 accipere,
1795 1409 1909 1446 nimi-

1125 1466 1211 1504 rum
1260 1463 1367 1503 illam
1406 1477 1660 1504 communem
1707 1463 1913 1520 redempti-

1127 1536 1268 1562 onem:
1300 1521 1397 1563 mihi
1423 1520 1514 1561 vero
1530 1519 1612 1561 satis
1625 1521 1795 1568 nonest,
1827 1535 1911 1562 tan-

1127 1593 1211 1620 tum
1235 1580 1350 1632 dare,
1398 1579 1459 1619 sed
1491 1579 1661 1620 dandam
1692 1578 1760 1619 tibi
1787 1580 1911 1621 existi-

1125 1652 1195 1678 mo
1235 1637 1568 1692 Redemptionem
1599 1636 1864 1693 perfectiorem
1901 1655 1910 1678 :

1128 1691 1218 1736 non⁴
1233 1694 1326 1751 ergo
1350 1694 1534 1742 attendo,
1576 1695 1668 1750 quid
1691 1695 1826 1736 deceat
1850 1711 1913 1736 ac-

1128 1756 1255 1811 cipere
1284 1755 1455 1795 Matrem
1477 1757 1594 1794 creati
1617 1752 1787 1795 hominis
1807 1782 1818 1799 ,
1849 1753 1913 1794 sed

1129 1811 1224 1866 quid
1234 1825 1298 1852 me
1319 1811 1454 1852 deceat
1474 1810 1564 1853 dare
1578 1841 1589 1858 ‚
1619 1814 1751 1853 aeterni
1772 1813 1910 1857 Patris,

1130 1872 1309 1911 omniurn
1328 1871 1520 1912 Creatoris
1532 1868 1666 1916 filium,
1680 1872 1800 1914 Matri
1812 1869 1911 1912 futu-

1127 1943 1176 1970 rae
1189 1928 1474 1984 Redemptoris,
1490 1934 1567 1971 &c.

1263 2050 1302 2102 §.
1317 2057 1367 2111 7.
1403 2044 1760 2117 Anagramma.

1129 2156 1204 2200 TV
1227 2156 1386 2200 Manes
1414 2148 1438 2198 ὲ
1460 2150 1579 2199 Labe
1608 2149 1770 2200 leera
1789 2187 1805 2206 ‚
1843 2156 1910 2203 aC
1932 2129 2056 2200 630·

1336 2226 1456 2283 era
1485 2225 1696 2284 DeIpara.

1124 2309 1182 2347 En
1194 2308 1246 2346 Ἧι
1265 2321 1373 2346 manes
1386 2305 1592 2346 immaculata
1610 2307 1715 2363 Virgo
1728 2306 1886 2363 Deipara!

1360 2383 1491 2425 Verfio
1503 2383 1683 2425 litteralis.

285 2481 354 2513 Cos
362 2467 446 2514 suos
457 2498 468 2517 ,
494 2484 539 2511 ac
549 2467 754 2526 praestttim
770 2480 860 2524 erga
884 2465 1067 2509 ,dilecffiffi-
1116 2468 1198 2506 Ave
1208 2466 1341 2512 Maria,
1354 2465 1564 2522 graticiplenae
1578 2496 1589 2513 ‚
1630 2466 1789 2506 Dominus
1799 2476 1908 2512 tecum,⁵

1709 3172 1854 3248 De)
