2159 3508
154 494 283 562 50⁴6.

143 1102 267 1160 507·

362 89 408 132 2-
427 90 474 131 0

318 91 458 208 τηιιξάὶ
468 193 480 211 ,
509 160 813 219 acplacicasDEO
829 160 948 199 animas
963 157 1108 199 nostras

317 225 502 266 inducere
526 224 567 261 in
591 218 727 276 gaudia
738 216 973 274 sempiterna.

505 341 546 393 ὃ.
562 346 611 387 2.
637 329 940 384 Authoritas.

369 439 852 503 SNICephoer,
890 442 1062 501 eraM

622 512 831 558 chens.

318 595 507 639 Inhabitans
534 596 616 635 enim
646 597 681 635 in
705 610 792 635 utero
814 594 1023 650 Sanffiffimae,
1053 593 1104 632 in-

403 654 622 694 contaminata:
643 655 740 693 DEI
757 654 926 693 Genitricv's
935 652 1104 708 Virginis,

402 722 441 755 τῇ·
453 713 487 751 in
505 711 636 755 animae,
662 712 749 754 &in
764 723 886 767 corpore
901 709 1104 768 praemunda-

401 785 438 810 tae
447 769 572 826 Spiritu.
601 769 713 826 Epist.
729 769 776 809 ad
786 771 909 811 Leon.
924 770 988 810 ΙΙΙ.
1003 767 1105 825 apud

398 831 536 869 Baton.
560 830 677 869 Tom.
691 842 723 880 9.
740 826 878 869 Annas.

540 949 580 1001 ς.
605 949 645 1010 3.
682 942 864 1004 Ratio.

310 1049 455 1095 Gratia
475 1047 790 1110 gratIfICanS,
826 1047 1002 1106 praeVIa
1025 1040 1098 1092 ab

486 1116 924 1163 Bea-tlfICatIoneM.

349 1202 450 1239 Uxta
463 1197 689 1254 Theologos
704 1214 711 1236 :
729 1199 862 1239 Omne
871 1195 1093 1237 beatifican-

368 1256 461 1297 dum
472 1271 538 1312 per
548 1259 728 1296 mer-itum
741 1255 883 1296 Christi
897 1284 908 1301 ,
937 1270 985 1295 ex
999 1269 1091 1311 pra:-

301 1313 556 1354 destinatione
583 1313 731 1355 Divina
750 1342 760 1359 ‚
791 1312 846 1353 est
875 1313 1091 1370 gratifican-

301 1372 396 1412 dum
408 1372 528 1427 gratia
539 1385 689 1429 gratum
702 1372 864 1412 faciente
876 1401 885 1416 ,
910 1371 1090 1426 peridem

299 1444 492 1471 meritum.
551 1432 668 1484 Atqui
716 1429 925 1469 Beatisfima
967 1433 1089 1484 Virgo

299 1487 373 1528 fuit
396 1486 542 1528 summe
567 1486 821 1527 beatificanda
840 1515 851 1532 ‚
883 1501 930 1526 ex
958 1486 1089 1526 inefla-

296 1545 369 1586 bili
392 1545 721 1601 praedestinatione
739 1544 905 1590 Divina,
933 1558 998 1600 per
1009 1559 1089 1584 me-

298 1607 417 1644 ritum
439 1602 580 1645 Christi
604 1632 616 1649 ‚
644 1616 778 1658 utpote
809 1617 892 1656 quae
918 1601 1088 1657 postmo-

299 1661 394 1702 dum
403 1663 486 1702 aStu
497 1661 566 1701 fuit
579 1661 727 1699 exaltata
740 1663 837 1716 fi⁴per
851 1660 962 1700 Choros
973 1662 1087 1715 Ange-

292 1720 396 1760 lorum
412 1746 423 1762 ,
447 1718 492 1758 ad
503 1718 632 1772 caelestia
652 1734 757 1774 regna.
817 1719 918 1773 Ergo
944 1718 992 1757 ad
1004 1732 1088 1758 tan-

296 1791 377 1818 tam
389 1777 712 1817 beatificationem
729 1775 865 1832 praevie
887 1775 957 1816 fuit
970 1779 1083 1831 grati-

294 1835 469 1880 ficanda,
501 1850 565 1891 per
588 1837 748 1890 gratiam
768 1848 917 1890 gratum
939 1832 1081 1875 facien«

292 1907 383 1935 tem.
416 1892 612 1935 Subsumo.
674 1895 789 1947 Atqui
814 1891 1020 1948 implicat,
1039 1906 1080 1933 ut

291 1956 376 2007 quis
396 1951 514 2008 digne
552 1950 782 2007 gratificetur
810 1951 857 1991 ad
890 1949 1077 1991 summam

292 2009 617 2051 beatificationem
639 2037 650 2055 ,
680 2009 748 2049 nisi
788 2012 904 2048 etiam
937 2007 1078 2050 habeat

290 2068 477 2109 summam
488 2071 660 2124 gratiam3
681 2070 769 2121 quia
789 2070 911 2122 gratia
927 2066 979 2106 est
1001 2067 1078 2123 ipsa

289 2130 389 2167 ratio
401 2125 569 2167 formalis
584 2125 813 2181 gratificans.
872 2127 972 2179 Ergo
985 2128 1076 2165 Bea-

291 2185 575 2240 tiffimaVirgo,
605 2182 653 2223 ad
678 2182 864 2223 summam
898 2182 1078 2224 obtineri<

289 2243 382 2283 dam
408 2242 731 2283 beatificationem
747 2271 757 2287 ,
788 2239 920 2281 debuit
941 2241 1078 2296 praevie

287 2300 428 2341 habere
440 2300 625 2341 summam
636 2303 806 2356 gratiam.
836 2298 944 2341 Sedfi
963 2302 1077 2341 Beata

289 2363 410 2415 Virgo
452 2357 562 2398 semel
594 2357 836 2398 contraxisset
873 2372 1074 2414 peccatum

285 2415 474 2473 originale
491 2446 501 2462 ‚
532 2431 579 2457 eo
594 2416 670 2473 ipso
687 2431 768 2456 non
783 2414 966 2456 habuisset
977 2415 1074 2457 sum-

287 2490 393 2516 mam
406 2480 576 2531 gratiam.
636 2477 736 2530 Ergo
749 2476 836 2514 cum
855 2473 965 2515 fuerit
975 2473 1074 2515 sum-

288 2533 351 2574 rne
373 2532 647 2578 beatificanda,
679 2548 744 2588 per
762 2535 943 2573 meritum
960 2533 1073 2574 Chri-

284 2592 329 2632 sti
346 2621 356 2638 ,
387 2606 470 2632 non
488 2594 614 2647 potuit
641 2589 849 2644 aliquando
869 2591 1074 2632 contraxis-

284 2649 319 2690 se
340 2663 540 2706 peccatum
577 2647 772 2708 originale.
805 2648 952 2690 Ultima
972 2652 1072 2691 Min.

284 2707 498 2764 subsumpta
507 2706 615 2764 prob.
673 2706 767 2747 Ideo
779 2709 885 2746 enim
904 2721 986 2747 non
1007 2707 1074 2748 ha-

285 2765 417 2806 buiffet
451 2765 640 2806 summam
677 2768 858 2820 gratiam,
887 2768 976 2819 quia
1004 2765 1070 2812 id,

284 2824 389 2877 quod
408 2822 521 2864 semel
532 2823 603 2865 fuit
619 2822 683 2864 sub
696 2823 810 2868 odio,
841 2823 1069 2878 &indigna-

283 2884 388 2920 tione
417 2881 586 2928 Divina,
623 2885 756 2936 nequit
794 2880 954 2936 amplius
996 2881 1067 2923 esse

284 2936 426 2977 summe
438 2953 607 2994 gratum,
638 2939 686 2981 εὸ
717 2938 824 2995 quod
857 2939 1001 2995 semper
1022 2939 1066 2979 il-

283 2994 350 3034 lud
385 2996 524 3036 instans
562 2998 640 3051 odij
659 3026 670 3044 ‚
702 3013 746 3039 ac
789 2997 1066 3054 indignationis

283 3050 439 3109 praesens
458 3053 498 3093 sit
512 3059 716 3096 aeternitati
738 3058 906 3096 Divinae.
948 3058 1065 3110 Atqui

285 3113 325 3154 B.
342 3112 462 3166 Virgo
481 3138 491 3157 ,
518 3116 715 3155 contracto
751 3113 865 3156 semel
902 3127 1065 3171 peccato

710 62 805 126 De
827 62 1112 142 Concepta
1132 62 1286 121 Sacra
1307 59 1544 141 Deipara

1159 154 1357 211 originali,
1398 155 1518 197 fuisset
1537 157 1745 212 aliquando
1757 153 1819 198 sub
1837 156 1942 200 odio,

1160 219 1200 254 &
1240 214 1506 269 indignatione
1536 215 1691 256 Divina.
1734 218 1835 272 Ergo
1859 230 1941 255 non

1160 271 1280 327 posset
1304 271 1467 327 amplius
1487 273 1625 313 habere
1648 273 1831 314 summam
1858 288 1940 329 gra-

1160 335 1274 376 tiam,
1305 333 1392 383 quia
1407 329 1500 370 illud
1520 330 1661 370 instans
1674 331 1815 387 semper
1835 346 1940 371 aeter-

1162 391 1274 428 nitati
1299 390 1454 428 Divinae
1479 388 1634 444 praesens
1647 387 1759 431 esset,
1789 403 1831 428 ac
1847 404 1940 428 con-

1163 444 1358 500 sequenter
1391 462 1462 486 nec
1499 446 1618 502 posset
1650 450 1861 503 pertingere
1891 445 1939 485 ad

1153 503 1338 545 summam
1354 503 1687 546 beatificationem.

1357 626 1397 678 ἓ.
1423 634 1475 687 4.
1510 620 1741 691 Historia.

1152 736 1388 782 ForMVLa
1420 737 1642 782 InItIaLIs
1661 767 1676 786 ,
1713 729 1737 781 ὲ
1770 730 1936 782 Cathe-

1359 807 1472 850 Drls
1501 802 1720 865 Hlspanss.

1154 907 1288 1006 EA
1298 904 1351 945 est
1368 905 1545 961 Hispanis
1558 906 1679 949 Verbi
1695 907 1830 947 Divini
1843 920 1935 962 pra:-

1283 962 1469 1009 conibus,
1499 979 1544 1004 ac
1567 964 1834 1005 facundissimis
1871 968 1934 1005 Sa-

1149 1034 1302 1060 crorum
1331 1020 1567 1077 suggestuum
1590 1022 1814 1064 Oratoribus
1837 1038 1932 1062 con-

1147 1076 1325 1124 suetudo,
1355 1080 1506 1120 summis
1519 1095 1584 1135 per
1605 1080 1740 1121 orbem
1760 1079 1931 1120 laudibus

1145 1135 1393 1183 celebranda,
1423 1136 1530 1191 quod
1553 1137 1768 1194 priusquam
1790 1139 1838 1178 ad
1862 1154 1931 1195 po-

1141 1193 1276 1250 pulum
1301 1195 1415 1235 verba
1435 1195 1558 1236 facere
1580 1196 1813 1236 Ecclesiastes
1834 1200 1930 1237 inci-

1142 1255 1243 1308 piat,
1270 1253 1371 1293 hanc
1413 1253 1594 1294 devotam
1618 1257 1814 1295 Concioni
1857 1254 1928 1294 suae

1140 1313 1347 1366 praemittat
1369 1310 1594 1352 formulam:
1628 1311 1793 1351 Laudetur
1812 1313 1927 1351 imma-

1139 1369 1249 1408 culata
1270 1370 1425 1425 Conceptio
1448 1371 1635 1427 Beatzffimae
1646 1374 1684 1410 V
1683 1371 1791 1426 irginv's
1802 1371 1813 1408 .'
1846 1372 1928 1412 Oc·-

1139 1426 1287 1466 casione
1303 1426 1417 1482 porro
1434 1427 1541 1467 dictae
1560 1427 1733 1468 formulae
1748 1428 1917 1474 initialis,

1138 1484 1389 1525 memorabile
1405 1485 1466 1525 die
1478 1487 1644 1540 quadam
1657 1489 1821 1541 contigit
1836 1501 1925 1541 pro-

1139 1541 1307 1597 digium,
1344 1556 1437 1582 mox
1457 1543 1622 1599 pluribus
1643 1545 1922 1585 enarrandum:

1142 1603 1212 1641 Vir
1234 1603 1379 1639 etenim
1402 1629 1413 1646 ‚
1456 1616 1538 1641 non
1561 1601 1736 1658 singulari
1770 1604 1924 1643 tantum

1136 1656 1309 1697 dostrinfi
1319 1684 1330 1700 ‚
1345 1658 1407 1698 sed
1422 1664 1461 1700 &
1473 1658 1748 1714 religiosiffimae
1760 1675 1923 1701 conver-

1134 1712 1286 1755 sationis
1304 1714 1427 1756 studio
1446 1716 1732 1763 celeberrimus,
1762 1720 1851 1757 cum
1867 1718 1923 1758 su-

1134 1773 1312 1828 pradietae
1342 1777 1412 1829 piae
1434 1773 1716 1815 consuetudinis
1740 1774 1813 1830 ipse
1832 1774 1923 1817 esset.

1131 1832 1382 1872 tenaciffimus
1400 1858 1412 1875 >
1442 1848 1515 1873 nec
1546 1831 1716 1888 unquam
1746 1835 1921 1875 Concio-

1129 1904 1221 1930 nem
1241 1889 1464 1936 inchoaret,
1497 1891 1564 1931 nisi
1584 1890 1767 1947 praemissa
1780 1892 1920 1934 eadem

1127 1947 1293 1988 formula
1311 1968 1319 1988 ;
1354 1947 1541 1989 intellexit
1579 1948 1679 1990 forte
1703 1979 1716 1997 ,
1753 1949 1918 1994 alterum

1125 2006 1320 2060 quendam
1340 2009 1694 2054 Concionatorem,
1724 2023 1807 2049 non
1831 2023 1920 2049 tan⁴

1126 2066 1211 2104 tiim
1227 2064 1432 2105 formulam
1448 2065 1548 2106 hanc
1572 2066 1824 2122 vilipendere,
1853 2066 1916 2108 sed

1126 2127 1165 2164 &
1178 2121 1306 2178 saepius
1320 2138 1455 2164 contra
1479 2125 1767 2165 immaculatam
1787 2129 1914 2182 Virgi-

1127 2183 1185 2220 nis
1197 2182 1513 2237 Conceptionem
1532 2182 1736 2223 insolenter
1757 2183 1776 2222 ὲ
1790 2184 1912 2239 pulpi-

1128 2252 1169 2278 to
1186 2239 1380 2279 detonare.
1439 2240 1548 2294 Qid
1567 2241 1631 2281 hic
1654 2255 1781 2297 ageret
1807 2242 1911 2282 zelo-

1125 2296 1274 2338 sissimus
1295 2301 1450 2339 Mnuffi
1472 2299 1590 2339 cliens
1609 2311 1620 2339 ἓ
1651 2299 1800 2340 accedit
1818 2300 1912 2355 ipse-

1125 2369 1205 2396 met
1231 2358 1497 2401 Concionem,
1527 2363 1567 2399 &
1607 2372 1689 2412 quae
1726 2357 1912 2399 haftenus

1123 2412 1171 2453 ab
1183 2413 1261 2468 alijs
1282 2414 1476 2455 intelleEta
1499 2414 1789 2471 displicuerant,
1822 2432 1910 2472 pro-

1125 2473 1212 2526 prijs
1221 2474 1298 2526 jam
1312 2472 1459 2513 auribus
1475 2477 1636 2530 percipit
1658 2491 1666 2514 ε
1691 2487 1823 2514 tamen
1846 2478 1906 2514 in-

1122 2530 1258 2583 juriam
1276 2534 1466 2587 Virginea:
1478 2533 1739 2588 Conceptioni
1761 2531 1908 2573 illatam

1123 2602 1194 2643 pro
1220 2603 1323 2630 nunc
1349 2588 1651 2630 dissimulandam
1688 2604 1805 2635 ratus,
1836 2590 1909 2630 do-

1123 2661 1232 2687 mum
1243 2660 1449 2689 revertitur.
1485 2650 1641 2693 verum,
1665 2649 1753 2687 cum
1764 2651 1903 2689 iterum

1123 2703 1203 2744 dies
1240 2704 1435 2750 illuxisset,
1471 2720 1549 2759 quo
1586 2704 1746 2746 alterum
1790 2705 1902 2747 illum

1121 2764 1346 2803 concionari
1389 2762 1614 2818 oportebat,
1657 2762 1806 2804 mature
1850 2764 1901 2804 ad

1119 2819 1284 2860 eandem
1308 2819 1513 2861 Ecclesiam
1564 2821 1822 2877 progreditur,
1854 2837 1900 2863 ac

1116 2877 1243 2918 donec
1283 2879 1551 2920 Concionator
1572 2879 1791 2925 adveniret,
1823 2882 1900 2921 Ca-

1115 2935 1258 2977 thedrae
1269 2940 1414 2978 vicinus
1432 2940 1612 2993 expectat.
1639 2936 1792 2993 jamdue
1804 2953 1898 2978 con·

1115 2993 1242 3035 stituta
1266 2993 1361 3035 hora
1390 2998 1534 3037 Orator
1554 2995 1775 3042 accesserat,
1805 2997 1897 3036 cum

1114 3058 1221 3092 ecce!
1254 3053 1428 3108 pijffimus
1456 3053 1519 3094 hic
1541 3053 1742 3098 Sacerdos,
1773 3051 1896 3108 pulpi-

1114 3125 1196 3154 tum
1218 3110 1437 3153 ascendenti
1469 3110 1694 3168 (inspirante
1705 3109 1806 3152 haud
1824 3110 1894 3149 du-

1803 3166 1866 3207 bie

1957 756 2079 818 508.
