2159 3508
96 305 209 365 339·

791 98 1117 181 Conceptus
1170 95 1363 156 Xle.

491 226 531 279 ς.
556 228 596 287 3.
633 218 815 280 Ratio.

330 313 571 359 DoLosVs
595 306 770 356 Merlto
798 308 859 357 est
885 312 989 359 sIne

563 381 757 427 LVCro.

269 469 464 571 Nllllus·
483 468 574 509 debet
598 483 641 508 ex
656 466 727 507 dolo
735 467 795 523 fico
814 493 826 511 ‚
859 466 909 507 cui
928 464 1060 506 debetur

391 539 486 584 poena
502 553 513 570 ‚
544 526 664 566 lucrum
688 530 857 582 reportare,
893 526 937 566 L.
958 540 996 563 ne
1017 538 1059 562 ex

268 585 341 627 dolo
370 585 408 627 ff.
431 586 478 626 de
490 584 594 625 dolo.
664 584 738 624 Sed
756 582 822 623 ille
880 585 1060 637 antiquus

268 643 429 700 serpens,
451 642 745 683 mendaciorum
763 654 871 697 pater
890 667 902 684 ,
930 647 972 683 &
1003 655 1060 680 ar-

271 702 387 748 tifex,
429 717 495 757 per
539 699 676 741 dolum
695 729 705 745 ‚
758 698 905 739 seduxit
940 713 1060 756 genus

272 760 495 803 humanum.
571 760 674 814 Ergo
705 757 845 798 exinde
878 772 962 799 non
993 757 1060 798 de-

272 819 339 860 bet
358 831 549 874 reportare
573 816 731 857 lucrum.
791 818 909 871 Atqui
931 831 1062 872 repor-

271 875 377 920 tasset
405 875 556 916 lucrum
585 891 668 916 non
689 874 910 920 modicum,
940 875 966 915 fi
992 877 1063 914 eti-

272 950 336 977 am
380 934 592 974 Beatiffima
650 937 772 991 Virgo
818 931 1064 974 contraxiss'et

270 1007 474 1049 peccatum
523 991 720 1048 originale.
789 990 891 1048 Ergo
908 1021 919 1037 ,
972 991 1066 1032 ficut

270 1054 551 1092 inconveniens
572 1050 626 1091 est
641 1080 651 1096 ‚
682 1065 772 1091 eum
797 1064 990 1106 reportare
1009 1049 1066 1090 lu-

271 1126 408 1156 crum,
439 1113 493 1151 ita
526 1112 646 1150 etiam
683 1112 963 1151 inconveniens
985 1108 1065 1154 est,

272 1169 527 1210 Beatissimam
575 1171 779 1224 Virginem
837 1166 1066 1208 contraxisse

274 1242 481 1284 peccatum
514 1226 710 1283 originale.
795 1225 1068 1282 Subsumptum

274 1286 388 1326 Prob.
449 1284 802 1341 Omnesliiperare,
832 1288 931 1327 &in
946 1288 1068 1341 capti-⁴

272 1348 432 1385 vitatem
445 1344 636 1399 redigere,
666 1346 720 1383 ita
735 1373 745 1389 ,
779 1356 821 1383 ut
840 1342 890 1383 ne
910 1344 1070 1398 quidem

273 1418 369 1443 unus
399 1402 567 1458 supersit,
599 1400 712 1455 aquo
734 1400 894 1457 superari
928 1401 1038 1456 poffit
1056 1424 1069 1444 2

274 1460 423 1501 lucrum
446 1475 528 1501 non
547 1462 728 1515 exiguum
747 1459 821 1499 est:
855 1458 929 1499 Sed
954 1459 980 1500 si
1001 1462 1071 1500 Be-

273 1533 336 1559 ata
362 1522 483 1575 Virgo
501 1515 746 1559 contraxiss'et
768 1530 973 1574 peccatum
995 1521 1071 1559 ori-

271 1577 426 1634 ginale,
459 1593 504 1617 ac
534 1575 812 1630 consequenter
840 1579 961 1617 etiam
993 1576 1071 1633 ipsa

273 1652 341 1693 per
365 1635 502 1676 dolum
560 1634 583 1675 a
623 1633 782 1675 diabolo
812 1633 934 1676 fiaisset
963 1633 1070 1676 sedu-

272 1698 334 1737 ‹sta
363 1724 374 1741 ,
405 1693 530 1735 nullus
550 1692 717 1734 omnino
744 1691 964 1750 superesset‚
1001 1698 1069 1749 qui

273 1755 490 1809 serpentem
542 1752 648 1792 hunc
699 1750 887 1808 superaret
916 1771 927 1799 3
975 1756 1066 1794 cum

273 1827 412 1853 omnes
432 1809 550 1852 essent
570 1812 647 1865 ejus
676 1814 817 1866 captivi
836 1836 848 1854 ³
882 1817 923 1854 δε
941 1810 990 1852 ab
1017 1827 1066 1853 eo

274 1871 462 1926 superati3
519 1872 660 1910 Homo
693 1873 800 1910 enim
830 1885 898 1926 per
930 1886 1066 1926 pecca-

275 1944 358 1971 tum
387 1929 430 1969 fit
451 1928 570 1970 servus
585 1957 596 1974 ,
627 1934 668 1970 ὅζ
693 1931 862 1984 captivus
886 1929 1034 1970 diaboli
1056 1946 1066 1971 :

274 1986 376 2044 Ergo
410 2017 420 2033 ‚
451 1987 476 2027 fi
510 1990 626 2028 Beata
650 1990 772 2043 Virgo
819 1987 1067 2030 contraxisset

273 2060 477 2104 peccatum
531 2044 740 2101 originale,
785 2044 934 2102 serpens
981 2062 1065 2088 non

274 2106 478 2146 modicum
518 2102 738 2161 reportasset
779 2104 927 2146 lucrum
949 2132 960 2149 ‚
991 2121 1066 2146 nec

274 2165 530 2207 verificaretur
546 2163 708 2218 amplius
739 2163 886 2203 clarum
910 2163 1006 2205 illud
1030 2168 1063 2206 S.

275 2227 475 2280 Scripturae
498 2221 723 2277 promissiim
749 2222 796 2262 de
809 2221 925 2262 Beata
943 2227 1070 2280 Virgi-

276 2298 327 2322 ne
345 2312 355 2328 ,
387 2283 486 2321 Gen.
501 2294 532 2331 3.
591 2279 664 2337 Ipfh
687 2295 824 2321 conteret
843 2292 936 2338 caput
957 2296 1069 2329 tuum,

275 2349 340 2384 &a

484 2402 525 2454 ἕ.
545 2407 598 2462 4.
631 2374 706 2445 HJ
742 2397 859 2448 oria.

105 2495 230 2555 340.
276 2506 401 2538 Anna
420 2524 433 2546 ,
471 2486 547 2536 aS.
562 2486 930 2545 BarthoLoMaeQ
951 2493 1066 2538 DIa-

364 2560 574 2607 boLICIs
610 2557 966 2607 tentatlonIsz

457 2629 642 2675 fortiter
663 2629 887 2676 resIstens.

371 2717 488 2762 Nna,
521 2714 543 2755 a
579 2719 611 2757 S.
635 2714 949 2762 Bartholomaeo,
991 2714 1077 2757 illu.

385 2773 466 2815 stre
497 2773 770 2815 Carmelitanae
797 2774 966 2816 Familiae
1000 2777 1076 2817 Lu-

1762 101 1856 164 165

1103 211 1197 236 men
1214 225 1223 240 ,
1254 198 1345 235 esim
1374 190 1573 232 individua
1597 190 1743 231 Sancta:
1761 189 1900 229 Matris

1105 253 1294 295 Therefiae
1315 278 1326 295 ,
1366 265 1432 307 per
1477 248 1680 305 complura
1720 249 1857 287 itinera
1886 274 1898 292 ‚

1106 326 1241 353 comes
1283 308 1405 351 fuisset
1428 335 1439 351 ‚
1485 323 1529 348 ac
1559 308 1689 363 saepius
1713 302 1901 346 observas-
1963 333 1994 363 ,·
2056 329 2060 331 >

1107 370 1159 411 set
1170 400 1181 416 ‚
1209 369 1409 427 pijffimam
1425 361 1740 422 hanc'Virginem
1750 364 1902 404 summo

1107 443 1197 485 erga
1239 431 1453 483 Deiparam
1493 438 1625 465 amore
1662 420 1862 464 accensam
1888 449 1901 466 ,

1107 485 1290 543 exemplo
1328 483 1523 540 Magistra:
1541 513 1551 528 ‚
1582 482 1725 522 eodem
1762 483 1902 537 pariter

1109 545 1267 585 amandi
1287 545 1469 584 MARIAM
1489 540 1632 586 studio,
1664 540 1776 581 omni
1804 553 1904 580 tem-

1109 618 1203 659 pore
1222 632 1233 648 ,
1264 601 1334 643 fuit
1344 600 1490 641 affidua.
1551 602 1800 639 Tenerrimus
1815 612 1905 654 por-

1108 661 1154 702 ro
1184 662 1248 701 hic
1280 674 1391 711 amor
1412 657 1581 698 reddidit
1602 656 1732 703 illam,
1762 660 1803 697 in
1831 654 1904 696 sol·

1108 718 1296 760 licitanda
1329 720 1371 759 D
1388 719 1446 757 EI
1475 718 1684 758 Genitricis
1712 730 1809 772 ope,
1841 729 1909 770 pe.-

1110 781 1212 820 nitus
1224 775 1503 817 confidentem.
1562 774 1795 830 Eapropter‚
1816 775 1910 813 cum

1112 836 1262 877 diversis
1292 837 1555 875 tentationum
1575 831 1792 878 insultibus,
1833 832 1912 885 ejus

1113 894 1385 936 castimoniam
1418 891 1646 933 labefachre
1677 920 1687 937 ‚
1734 889 1912 947 spurciss-

1113 969 1199 994 mus
1223 951 1469 993 tenebrarum
1500 952 1680 1005 Princeps
1700 952 1885 989 niteretur
1900 976 1912 994 ,

1114 1016 1275 1053 unicum
1312 1013 1436 1052 Annae
1472 1008 1687 1049 remedium
1708 1022 1817 1053 erat,
1850 1010 1915 1048 Sa-

1116 1070 1260 1111 cellum
1287 1098 1298 1114 ‚
1336 1071 1489 1124 Virgini
1513 1067 1591 1106 sine
1620 1064 1772 1106 macula
1817 1080 1913 1105 con-

1115 1143 1238 1186 ceptae
1281 1131 1439 1169 Sacrum
1479 1124 1662 1181 ingredi:
1701 1123 1768 1165 ubi
1808 1123 1916 1164 flexis

1116 1187 1277 1245 genibus
1297 1215 1308 1231 ,
1353 1200 1397 1225 ac
1438 1184 1600 1240 nudipes
1626 1212 1637 1229 ‚
1680 1181 1917 1239 flagrantissi-

1117 1249 1190 1287 mis
1223 1243 1396 1302 precibus
1424 1272 1434 1289 ‚
1480 1239 1737 1283 immaculatae
1796 1241 1918 1298 depo-

1118 1303 1245 1345 scebat
1267 1301 1451 1343 auxilium
1476 1330 1487 1347 ,
1518 1302 1706 1355 quatenus
1736 1313 1818 1340 tam
1855 1314 1920 1340 va-

1119 1361 1242 1408 lidas,
1273 1376 1318 1401 ac
1343 1358 1576 1415 multiplices
1612 1356 1807 1398 infernalis
1845 1358 1917 1398 ho-

1119 1419 1182 1460 stis
1193 1419 1503 1460 machinationes
1515 1446 1526 1463 ‚
1551 1415 1798 1456 immaculata
1810 1431 1922 1457 men-

1120 1492 1183 1522 te,
1225 1494 1269 1519 ac
1292 1491 1455 1533 corpore
1471 1501 1482 1519 ‚
1516 1474 1641 1515 secura
1666 1474 1827 1515 evadere
1856 1490 1922 1516 va-

1119 1537 1223 1578 leret.
1285 1537 1374 1576 Nec
1413 1536 1537 1574 inanis
1568 1532 1639 1574 fuit
1670 1533 1916 1589 deprecati05

1120 1596 1309 1652 puriffima
1355 1596 1463 1634 enim
1495 1591 1700 1633 Coelorum
1730 1587 1915 1648 Regina,

1118 1670 1203 1695 non
1250 1657 1291 1693 in
1329 1653 1388 1693 his
1426 1654 1579 1692 tamtim
1620 1648 1865 1691 confliCtibus
1900 1680 1913 1698 ‚

1117 1711 1375 1770 potentiffirna
1406 1709 1528 1750 adfuit
1560 1708 1774 1750 auxiliatrix
1802 1738 1814 1756 ,
1846 1725 1912 1751 ve-

1115 1775 1204 1813 rum
1234 1771 1382 1827 insuper
1404 1773 1443 1809 in
1469 1771 1671 1825 praemiurn
1691 1781 1751 1810 tot
1777 1771 1910 1812 Visto-

1115 1834 1284 1876 riarum,
1317 1844 1408 1884 quas
1438 1841 1520 1867 tarn
1539 1827 1586 1867 de
1615 1825 1731 1882 seipsa·
1750 1856 1761 1872 ,
1792 1827 1911 1882 quam

1115 1889 1165 1930 de
1179 1892 1288 1931 Orco
1301 1915 1312 1930 ‚
1345 1886 1562 1941 frequenter
1583 1888 1698 1926 Anna
1719 1885 1911 1929 retulerat,

1116 1947 1245 2004 saepius
1279 1946 1386 1987 illam
1433 1944 1558 1984 invifit
1586 1973 1598 1989 ,
1641 1943 1765 1984 modo
1810 1944 1909 1985 Filio

1113 2008 1240 2062 junsta
1274 2007 1448 2047 Divino,
1479 2002 1603 2043 modo
1621 2001 1643 2043 a
1659 2005 1691 2043 S.
1713 2001 1882 2059 Josepho
1896 2029 1909 2047 ‚

1114 2064 1320 2122 Angelisve
1361 2060 1621 2118 compluribus
1663 2064 1849 2116 comitata
1888 2091 1898 2107 ,

1115 2124 1164 2166 ad
1199 2124 1318 2164 finem
1347 2119 1552 2179 praesertim
1578 2123 1665 2161 vitae
1687 2115 1810 2167 illius,
1845 2119 1912 2161 ubi

1118 2182 1346 2224 suavissimos
1390 2183 1491 2220 inter
1537 2176 1778 2235 Angelorum
1815 2194 1913 2219 con-

1119 2255 1253 2283 centus
1272 2270 1283 2285 ,
1315 2239 1362 2280 ad
1376 2252 1517 2279 aeterna
1537 2252 1623 2277 eam
1635 2236 1792 2293 gaudia,
1824 2252 1912 2278 om-

1118 2300 1232 2341 nibus
1258 2296 1514 2339 immaculatae
1525 2298 1808 2351 Conceptionis
1831 2296 1912 2337 cul-

1120 2359 1266 2400 toribus
1302 2369 1530 2413 praeparam,
1581 2353 1756 2394 materne
1776 2357 1913 2396 invita-

1119 2421 1186 2460 vit.
1246 2419 1307 2456 Ex
1329 2417 1397 2470 ejtos
1423 2414 1518 2456 vitei&
1550 2420 1591 2455 ὠ·
1606 2412 1712 2452 Paulo
1730 2412 1768 2452 de
1787 2416 1910 2468 Ὲᾰνζγ.

1260 2476 1293 2514 in
1317 2475 1416 2512 Anno
1442 2473 1596 2512 Mam'an.
1613 2470 1660 2512 ad
1668 2470 1752 2512 diem
1778 2496 1781 2500 -

1407 2541 1488 2579 yfm
1501 2531 1608 2586 Junij.

1493 2656 1549 2676 *Q

1512 2695 1530 2713 -Jt

948 2969 1254 3113 naga&

1200 3182 1305 3259 X3
1762 3197 1906 3253 §·5·'
