2159 3508
133 1723 253 1784 473·

287 212 465 256 risfimam
485 205 669 264 Sponsam
687 201 842 260 Spiritus
853 202 998 244 San&i‚
1029 213 1076 239 ex

288 270 366 326 qua
377 268 592 324 unigenitus
613 265 655 304 D
667 265 723 303 EI
739 259 852 301 Filius
871 257 970 299 nasci
997 286 1007 303 ‚
1037 262 1077 298 δε

289 330 380 370 huic
395 323 545 366 mundo
565 321 628 363 edi
670 319 826 361 deberet
845 346 856 363 ,
897 329 1078 372 protopa-

291 398 414 428 rentes
427 381 574 422 nostros
597 408 608 425 ,
635 377 711 419 una
731 391 821 417 cum
840 388 925 415 toto
938 387 1076 430 genere

291 443 464 485 humano
487 469 499 486 ,
529 437 577 479 ab
596 450 739 478 aeterno
769 435 999 474 exterminio
1034 430 1078 470 li-

290 501 436 543 beravit
465 515 473 537 :
505 496 557 537 ob
586 494 755 549 ejusdem
785 505 940 546 quoque
972 503 1080 529 amo-

293 573 374 600 rem
390 587 402 604 ,
432 557 523 597 Noe
547 554 696 596 videtur
720 549 955 607 praeservatus
981 546 1004 587 ὲ
1022 546 1080 587 di·-

294 616 400 658 luvio
417 643 428 661 ,
467 611 663 654 Abraham
697 608 719 649 a
740 607 844 649 caede
876 609 1031 662 Regum
1068 629 1081 648 ‚

292 673 392 716 Isaac
422 671 470 713 ab
488 669 643 711 Ismaele
673 697 684 714 ,
714 665 837 719 Jacob
882 663 930 705 ab
955 662 1046 703 Esau
1069 690 1080 708 ,

295 730 457 790 populus
475 728 651 782 Judaicus
675 724 698 766 *a
713 738 832 765 manu
852 723 1080 765 Pharaonis,

297 797 340 834 ὅ(
373 791 591 845 captivitate
612 780 872 839 Babylonica,
902 778 1035 822 David
1059 776 1082 817 ὲ

295 851 429 891 Leone
450 876 460 892 ,
491 843 620 889 Saule,
651 848 692 884 ὃς
723 838 864 884 Golia,
890 845 965 880 &c.
989 850 1081 892 quas

296 920 432 948 omnes
448 903 691 944 liberationes
707 905 747 942 ὅ(
765 896 1078 954 praeservationes‚

295 963 409 1007 multi
430 965 490 1004 SS.
510 963 636 1003 Patres
658 958 680 999 ὲι
713 956 919 998 clementia
934 951 1081 995 Divina

295 1023 409 1064 faitas
429 1050 440 1068 ,
470 1023 510 1060 in
544 1016 794 1059 Beatiffimam
826 1015 1028 1068 Virginem
1067 1037 1080 1055 ,

297 1082 408 1123 DEI
431 1080 671 1121 Genitricem
690 1103 701 1120 ,
731 1069 916 1126 tanquam
935 1066 1084 1109 causam

298 1139 495 1180 reducunt.
564 1132 665 1188 Ergo
693 1144 735 1171 ut
768 1128 982 1171 verificetur
1004 1126 1084 1167 hoc

299 1196 489 1252 Adagium
546 1187 861 1244 Philosophicum
891 1204 898 1225 :
951 1188 1086 1241 Propter

300 1253 384 1313 quod
400 1248 636 1306 unumquodque
655 1247 718 1286 tale
733 1272 744 1289 ‚
778 1243 856 1285 illud
871 1245 973 1299 magis
993 1242 1080 1287 tale,

301 1308 507 1354 necessario
534 1305 770 1348 asserendum
793 1302 846 1343 est
875 1330 885 1347 ,
924 1300 1085 1342 Beatiss-

300 1384 408 1412 mam
417 1369 620 1423 Virginem
649 1360 892 1419 principalius
912 1359 934 1399 ὲ
953 1373 1086 1416 pecca-

303 1443 369 1474 to,
398 1424 553 1480 alijs‹'que
572 1420 768 1479 periculis,
799 1417 902 1459 fuisse
927 1417 949 1458 a
969 1419 1086 1459 DEO

306 1484 564 1545 praeservatam
575 1510 585 1527 ,
615 1495 659 1520 ac
675 1478 884 1519 liberatam.

511 1604 548 1653 §.
569 1605 620 1662 4.
654 1590 882 1662 Historia.

301 1684 553 1733 InstIttho
582 1682 781 1728 orDInIs
803 1711 818 1734 ‚
856 1679 929 1722 De
960 1674 1090 1721 Con-

450 1753 683 1814 Ceptlone
714 1749 933 1809 DeIparae.

299 1838 523 1941 BEatrix
555 1835 577 1876 a
596 1833 729 1891 Sylva,
761 1833 908 1889 generis
920 1841 1002 1868 non
1017 1827 1092 1865 mi-

421 1898 491 1936 nus
512 1890 737 1938 nobilitate,
768 1889 887 1945 quarn
909 1889 1092 1929 virtutum

304 1952 504 2009 splendore
519 1981 530 1998 ,
565 1955 606 1992 in
623 1948 814 1992 Lusitania
833 1944 1090 1989 celeberrima,

305 2010 493 2068 cumerga
504 2013 734 2066 Deiparam,
766 2022 809 2048 ac
827 2001 1013 2062 praecipue
1034 2016 1092 2042 er-

310 2070 359 2125 ga
391 2068 620 2126 purissimam
644 2068 720 2121 ejus
742 2066 1058 2119 Conceptionem
1080 2087 1093 2105 ,

310 2127 457 2168 summa
475 2127 620 2182 semper
635 2124 844 2166 devotione
865 2120 1094 2163 afficeretur,

312 2185 377 2226 diu
411 2183 601 2240 ηοὲὶυέῙιιε
639 2185 823 2239 cogitavit
845 2209 856 2226 ‚
893 2174 1095 2233 quomodo

312 2259 399 2285 eam
441 2242 558 2299 digne
604 2241 820 2285 honorare,
855 2253 899 2279 ac
930 2234 1097 2277 exaltare

314 2300 455 2359 posset3
485 2302 577 2341 hinc
602 2301 693 2340 cum
732 2301 768 2339 ei
792 2295 1002 2338 Beatiffima
1033 2292 1099 2332 ali-

313 2359 472 2414 quando
500 2362 621 2414 Virgo
650 2351 940 2413 comparuisset,
968 2349 1101 2392 candi-

314 2419 389 2464 do,
417 2433 462 2459 ac
483 2416 646 2457 caeruleo
666 2428 803 2455 ornatu
830 2413 969 2453 amicta
983 2439 994 2456 ,
1026 2423 1097 2449 no-

315 2490 406 2518 vam
426 2473 615 2516 intellexit
635 2472 903 2529 Religionem,
932 2467 997 2509 sub
1028 2465 1098 2507 illo

315 2533 467 2580 habitu,
498 2539 540 2576 &
556 2530 808 2573 immaculatae
816 2528 1099 2582 Conceptionis

317 2591 444 2638 titulo,
468 2590 535 2632 ase
563 2589 846 2630 instituendam.
877 2600 955 2641 quo
978 2583 1099 2625 confi-

319 2651 373 2692 lio
394 2664 483 2691 cum
510 2645 720 2690 Elisabeth&
752 2643 904 2702 Regina
922 2656 1099 2685 commu-

319 2713 475 2755 nicato,
505 2705 638 2748 Toleti
666 2708 707 2745 in
735 2701 948 2760 Hispania,
983 2703 1102 2742 Anno

324 2772 404 2819 148
418 2780 456 2818 4.
484 2766 627 2807 dietum
647 2761 840 2805 Ordinem
855 2759 1016 2800 feliciter
1042 2760 1102 2797 in-

320 2827 477 2868 choavit
495 2853 506 2870 ,
518 2856 523 2861 .
535 2837 652 2878 quem
687 2823 948 2861 INNocENTms
968 2821 1004 2859 V
1017 2816 1100 2861 ΙΙΙ.

320 2881 541 2940 Apostolica
563 2880 791 2922 authoritate
815 2876 1100 2919 confirmatum,

322 2939 523 2997 insignibus
542 2940 670 2998 gratijs
686 2940 797 2980 auxit.
856 2936 961 2978 Ciam
971 2945 1099 2974 autem

680 112 781 172 ‘De
803 108 1091 187 Concepta
1114 105 1265 164 Sacra
1283 99 1535 180 Deipara.

1126 194 1372 235 institutionis
1389 192 1495 233 Bulla
1517 195 1558 231 in
1590 194 1685 231 mari
1710 190 1912 231 infeliciter

1128 250 1248 292 fuisset
1272 251 1470 307 deperdita
1492 279 1502 296 ,
1544 252 1678 305 ingens
1703 252 1914 290 Beatricem

1126 310 1260 351 invafit
1306 323 1464 354 maeror,
1505 310 1571 361 qui
1614 320 1744 347 tamen
1784 305 1914 363 paullo

1126 368 1236 425 post,
1268 366 1447 408 invocata
1476 367 1659 405 nimirum
1684 379 1750 419 per
1775 368 1914 405 imma<

1127 426 1293 467 culatam
1325 426 1638 479 Conceptionem
1675 423 1777 462 luam
1820 425 1914 463 Dei-

1128 483 1238 540 para,
1265 486 1306 522 in
1345 481 1525 538 gaudium
1567 479 1724 536 plenum
1762 479 1918 534 tranfijt.

1129 545 1314 597 Qaerens
1337 542 1519 580 nimirum
1551 537 1695 592 aliquid
1736 537 1800 577 suo
1821 551 1917 592 quo·

1129 600 1280 640 damin
1315 596 1450 638 scrinio
1494 600 1556 653 pia
1585 595 1791 637 Fundatrix
1812 624 1822 640 ,
1850 594 1919 636 de-

1129 657 1330 700 fideratum
1348 656 1425 696 hoc
1443 654 1632 711 Diploma
1653 652 1916 700 pontificium,

1130 730 1212 755 non
1257 714 1332 755 fine
1364 712 1533 754 maxima
1569 713 1842 754 admiratione,
1872 724 1918 752 ac

1130 773 1293 830 gaudio,
1325 771 1470 812 ibidem
1508 769 1588 824 alijs
1619 770 1758 810 chartis
1802 767 1920 809 inser-

1129 845 1214 872 tum
1255 833 1413 886 reperit,
1445 828 1550 884 quod
1591 827 1747 884 ipsemet
1765 825 1920 882 Episco-

1130 903 1198 945 pus
1228 890 1459 933 Accitanus,
1489 886 1723 930 decernente
1756 882 1920 926 Toleta-

1131 961 1186 987 no
1208 945 1353 986 Archi—
1376 944 1562 1001 Episc0po
1585 973 1597 990 ,
1638 957 1735 984 mox
1767 941 1921 984 solenni

1131 1002 1278 1061 pompa
1297 1029 1308 1048 ,
1341 1001 1493 1060 publice
1511 1000 1746 1044 circumtulit
1763 1029 1776 1047 ,
1803 1005 1845 1042 ὅτ.
1876 1003 1922 1042 in

1132 1077 1280 1104 novum
1294 1063 1462 1117 Virginis
1489 1058 1746 1101 immaculatae
1762 1058 1921 1099 Parthe-

1133 1134 1267 1161 nonen
1288 1119 1515 1176 deportavit.
1553 1115 1700 1164 Portis,
1728 1130 1771 1157 ut
1782 1116 1830 1157 de
1841 1119 1921 1159 Or.

1133 1179 1233 1219 dinis
1273 1178 1382 1232 hujus
1405 1173 1644 1217 Monialibus
1690 1173 1921 1231 ampliorem

1133 1235 1273 1277 habeas
1303 1237 1500 1276 notitiam:
1532 1235 1668 1275 vivunt
1682 1231 1758 1273 illae
1780 1232 1844 1273 sub
1863 1232 1923 1273 di-

1134 1297 1302 1335 rectione
1317 1293 1474 1348 quidem
1493 1293 1561 1333 PP.
1575 1290 1925 1336 franciscanorum,

1135 1351 1197 1392 sed
1218 1351 1282 1392 sub
1312 1350 1463 1407 Regula
1495 1348 1671 1406 propria,
1710 1348 1925 1389 Benediffl-

1136 1426 1196 1451 nae
1216 1413 1257 1450 in
1274 1408 1440 1465 pluribus
1458 1406 1679 1453 conformi,
1709 1413 1748 1448 &
1770 1412 1837 1456 (ut
1851 1410 1925 1448 Bu-

1136 1467 1296 1508 cellinus
1321 1467 1461 1516 refert)
1492 1469 1525 1506 S.
1539 1464 1798 1506 Cisterciensis
1814 1467 1924 1509 Con-

1135 1527 1369 1582 gregationis
1392 1521 1726 1565 consuetudinibus
1749 1522 1921 1563 addictae.

1137 1584 1200 1625 Ad
1235 1583 1411 1624 habitum
1449 1581 1555 1636 quod
1584 1580 1724 1637 speaat
1762 1606 1774 1624 2
1801 1581 1924 1636 pallijs

1137 1640 1207 1682 suis
1241 1639 1407 1681 caeruleis
1431 1637 1609 1679 insertam
1631 1638 1806 1679 deserunt
1825 1641 1924 1679 ima-

1138 1702 1271 1755 ginem
1316 1697 1469 1738 illibata:
1489 1698 1683 1752 Virginis:
1718 1710 1791 1736 nec
1818 1695 1923 1738 aliud

1139 1759 1182 1813 ijs
1198 1758 1431 1798 Breviarium
1451 1757 1491 1794 in
1499 1752 1662 1810 singulos
1673 1753 1753 1793 dies
1768 1752 1822 1794 est
1832 1768 1927 1811 prae-

1139 1814 1341 1871 scriptum,
1371 1811 1625 1871 praeterquam
1643 1811 1830 1854 Officium
1854 1815 1927 1853 im·-

1140 1872 1342 1915 maculatae
1393 1873 1670 1927 Conceptiomz
1703 1899 1715 1917 ,
1759 1873 1929 1926 exceptis

1141 1932 1327 1973 duntaxat
1358 1932 1580 1971 Dominicis
1609 1955 1622 1974 2
1652 1934 1694 1971 &
1724 1927 1837 1969 Festis
1857 1932 1928 1970 So-

1142 1988 1378 2031 lennioribus
1397 2017 1408 2034 ,
1438 1987 1574 2043 quibus
1613 2001 1822 2028 commune
1856 1989 1927 2027 Ec-

1141 2047 1260 2089 clefiae
1293 2046 1450 2104 pensum
1476 2044 1700 2103 persolvunt.
1731 2047 1842 2086 Dum
1869 2048 1929 2085 in-

1142 2105 1269 2149 vicem
1304 2103 1620 2147 Sanctimoniales
1664 2103 1741 2144 istae
1772 2102 1807 2144 se
1836 2101 1930 2144 salu-

1143 2179 1253 2211 tant,
1283 2163 1385 2204 aliud
1430 2162 1555 2202 dicere
1601 2176 1684 2202 non
1723 2160 1882 2202 assolent
1916 2190 1929 2207 ,

1148 2222 1286 2277 quam:
1318 2219 1579 2276 MARIAfine
1591 2219 1716 2259 maculd‘
1724 2220 1821 2274 fitlve
1836 2221 1929 2262 .'&c.

1148 2284 1377 2322 Praemonita
1402 2278 1560 2319 tandem
1601 2278 1624 2318 ὲ
1648 2280 1689 2318 D
1707 2279 1735 2318 E
1756 2279 1772 2318 I
1797 2280 1926 2318 Matre

1150 2343 1228 2396 pia,
1259 2354 1304 2379 ac
1321 2335 1579 2391 frequentibus
1607 2335 1707 2377 clara
1738 2334 1930 2376 miraculis

1149 2397 1361 2442 fundatrix,
1386 2395 1434 2435 de
1455 2397 1685 2434 imminente
1704 2397 1837 2434 mortis
1857 2393 1928 2434 ho-

1149 2455 1214 2502 ra,
1242 2458 1360 2496 Anno
1377 2470 1391 2494 1
1405 2467 1510 2505 490.
1522 2455 1639 2492 aetatis
1661 2458 1683 2493 6
1696 2458 1727 2493 6.
1748 2451 1930 2493 Sanc'tiffi-

1150 2513 1214 2557 me
1231 2512 1252 2554 ὲ
1271 2516 1364 2555 vivis
1398 2510 1564 2552 exceffit:
1602 2514 1642 2550 in
1663 2511 1766 2564 cujus
1790 2510 1928 2554 fronte,

1151 2587 1262 2613 aurea
1301 2571 1429 2624 eximij
1458 2568 1665 2625 splendoris
1686 2567 1790 2608 stella
1814 2595 1824 2613 ,
1859 2566 1931 2606 sta-

1151 2634 1224 2671 tim
1258 2629 1281 2669 ἔι
1306 2642 1430 2670 morte
1450 2658 1461 2674 ,
1492 2627 1561 2667 fuit
1591 2625 1798 2681 conspeffli.
1860 2627 1930 2663 Va-

1140 2687 1281 2746 fioncell.
1303 2689 1336 2727 in
1367 2686 1502 2742 destript„
1546 2684 1654 2740 ngm'
1707 2682 1807 2738 Lufit.
1834 2684 1931 2739 Ray-

1257 2744 1439 2786 naud.com.
1458 2753 1489 2783 δ’.
1509 2753 1583 2798 pag.
1613 2757 1689 2788 273.
1710 2740 1825 2782 Bucell.

1394 2800 1524 2843 Menol.
1544 2809 1575 2840 δ’.
1591 2798 1699 2845 Οὲἴοό.

1515 2914 1572 2936 *R*

1534 2951 1554 2972 3

995 3075 1290 3150 ωὲἒὲἒψῠὲἓῦβ
