2159 3508
75 298 102 327 ε,
112 299 139 327 7.
148 300 173 322 v.
186 299 212 322 ι.

69 2348 196 2402 520.

767 70 1089 154 Conceptus
1171 74 1407 146 LXXV,

241 177 466 221 perpetuam
487 164 560 206 esse
589 165 793 213 militiam,
823 170 906 223 quis
923 171 1036 223 igno-

247 235 326 263 rat?
372 223 528 264 testatur
561 229 692 280 utique
714 225 810 266 illud
841 229 1036 282 patientiae

247 281 429 338 Princeps
440 282 582 334 Jobus‚
613 284 708 324 dum
731 288 812 325 ait:
845 285 979 324 Militia
998 283 1038 336 est

247 340 324 380 vita
349 340 483 380 hominis
502 341 601 398 sitper
623 356 754 382 terram.
784 357 878 383 nam
908 341 1036 397 primo

246 398 368 439 habet
388 398 655 446 intrinlecum‚
685 406 726 441 &
746 399 1038 457 inseparabilem

245 456 421 504 hostem,
455 457 831 514 concupiscentiam,
862 473 947 513 quae
978 461 1038 498 in-

243 515 319 557 star
341 515 496 557 sarcina:
523 515 647 573 gravis
661 545 673 562 ,
694 516 902 557 hominem
913 516 1040 571 depri-

245 579 320 615 mit
344 575 393 615 ad
411 575 539 620 bruta,
566 581 608 617 ὃς
633 574 801 615 carnalia
820 575 1002 614 desideria
1024 603 1038 620 ,

244 631 474 688 quibuscum
487 646 644 688 oportet
661 632 852 673 continuo
867 633 1039 686 decerta-

244 706 286 738 re
305 720 318 737 ‚
348 691 416 731 nisi
435 690 483 732 ab
501 694 554 731 eis
579 697 703 748 mergi
723 691 818 733 velit
839 694 881 731 in
906 694 1039 732 interi-

244 762 356 790 tum:
381 751 528 805 semper
553 764 673 806 ergo,
706 765 757 790 ne
788 749 907 790 bestia
938 749 1038 797 fiat·⁹

243 823 335 849 cum
345 806 464 849 bestia
473 822 642 864 pugnare
653 807 938 849 debet.accedit
949 823 1039 865 pec-

242 876 375 907 catum
417 866 625 923 originale,
657 867 766 921 quod
799 882 882 908 non
913 866 1038 922 solugn

241 926 361 967 DEO
384 924 574 965 infensum
592 923 705 972 facit,
731 928 915 968 verum&
936 926 1037 967 mul-

239 986 288 1024 tis
305 982 461 1038 miserijs
484 982 704 1024 obnoxium
736 1004 744 1024 :
776 985 880 1025 unde
906 985 1039 1041 prodit

234 1044 334 1083 mira
355 1042 405 1083 ad
427 1043 670 1098 peccandum
695 1046 893 1099 pronitaS,
922 1057 1038 1099 atque

235 1100 287 1141 ad
315 1100 416 1142 bene
451 1101 696 1157 operandum
722 1101 955 1148 difficultas;
987 1117 1036 1144 ex

236 1173 318 1214 quo
330 1159 396 1206 fit,
426 1172 469 1200 ut
487 1159 600 1200 facile
620 1159 771 1201 labatur
803 1160 928 1202 homo
949 1190 960 1206 ‚
993 1168 1035 1204 δε

237 1218 400 1273 quidem
433 1222 598 1275 graviter
612 1247 624 1265 ,
663 1219 937 1261 accedentibus
973 1233 1036 1261 tot

239 1291 491 1333 peccatorum
514 1276 702 1321 illecebris
726 1307 738 1324 ,
779 1278 916 1333 quibus
943 1293 1034 1320 caro

239 1334 444 1376 difficulter
464 1335 594 1377 resistit
614 1354 622 1376 ε
651 1337 856 1390 quomodo
876 1336 969 1394 ergo
993 1340 1034 1378 in

241 1408 324 1435 tam
369 1393 585 1449 frequenti,
611 1410 656 1435 ac
693 1395 813 1436 arduo
831 1397 1000 1435 certamine
1023 1424 1035 1442 ,

237 1451 533 1494 vistoriamzfibi
561 1452 696 1508 aliquis
720 1457 949 1509 promittere
966 1468 1037 1510 po-

238 1513 361 1551 terit?
393 1513 540 1552 Poterit
565 1511 669 1552 certe
690 1541 701 1558 ,
735 1511 956 1553 dummodo
987 1512 1036 1552 ad

238 1583 398 1609 certamen
423 1572 603 1626 Deiparae
622 1570 698 1610 fine
723 1570 809 1612 labe
834 1585 1036 1627 conceptae

237 1625 369 1684 saepius
382 1628 524 1669 devote
554 1627 777 1686 respexerit,
807 1629 1033 1685 fortiterque

238 1701 310 1742 pro
327 1688 405 1740 ejus
423 1687 676 1728 immaculato
702 1688 855 1729 honore
885 1689 1032 1729 tuendo

238 1744 443 1785 decertitrit
469 1762 477 1785 ε
511 1759 604 1786 tunc
626 1747 828 1788 enimvero
845 1776 856 1793 ,
883 1751 947 1802 qui
967 1764 1033 1787 cer-

238 1817 349 1842 tamen
354 1804 443 1858 fime
458 1802 545 1843 dedit
553 1804 599 1844 illi
612 1810 775 1861 (nempe
787 1807 946 1847 MAR1AE
964 1811 976 1854 )
995 1820 1031 1845 ut

237 1863 404 1905 vinceret,
434 1862 543 1902 dabit
571 1868 612 1905 &
643 1863 756 1904 nobis
795 1872 932 1904 contra
953 1863 1029 1905 sce-

239 1919 362 1960 lerum
398 1919 568 1961 maculas
610 1924 830 1968 victoriam,
861 1938 907 1963 ac
943 1922 1030 1963 ulti,

238 1993 308 2019 mo
319 1982 437 2019 etiam
455 1978 620 2035 gloriose
633 1978 804 2036 superato
823 1980 1005 2024 conflictu
1017 2011 1028 2027 ,

237 2052 427 2077 coronam
451 2041 629 2094 imponet
657 2039 955 2095 triumphalem,
986 2044 1028 2080 in

235 2095 358 2139 Coehs
378 2095 565 2154 perpetuo
578 2097 821 2139 viridantem.
907 2104 910 2107 '

411 2214 453 2280 §.
476 2225 528 2269 2.
560 2213 860 2267 Authoritas.

235 2320 480 2383 OrIgIneS‚
516 2322 782 2383 ConCeptae
803 2324 1028 2384 DeIparae‚

334 2394 544 2453 MagnVs
576 2397 915 2456 propVgnator.

237 2509 262 2533 1.
295 2494 414 2548 Hujus
434 2494 538 2551 igitur
558 2495 711 2552 unigeniti
733 2495 948 2536 DEldicicur
961 2496 1023 2536 haec

291 2554 412 2592 Mater
434 2582 446 2598 ‚
487 2555 598 2610 Virgo
630 2555 682 2593 M
690 2555 734 2593 A
739 2556 815 2609 RI
817 2556 859 2594 A
878 2581 891 2598 ‚
925 2553 1023 2611 digna

289 2612 403 2654 DEI,
430 2612 638 2652 immaculata
671 2612 778 2651 SanHi
799 2613 1023 2657 immaculati,

288 2685 354 2708 una
367 2670 484 2714 anim,
510 2671 602 2711 unica
612 2671 706 2712 unici.
733 2671 884 2712 Homil.
897 2675 938 2711 in
950 2687 982 2719 c.
994 2687 1023 2713 1.

287 2727 429 2783 Matth.

233 2820 266 2844 2.
293 2804 412 2859 Accipe
440 2821 513 2861 ergo
541 2822 633 2852 eam,
649 2805 733 2861 ficut
772 2807 1023 2850 commendatum

290 2861 431 2913 caelestem
460 2862 640 2918 thesaurum
655 2894 666 2911 ‚
693 2866 839 2906 Deitatis
866 2866 1021 2911 divicias,

282 2918 365 2973 ficut
381 2919 586 2976 pleniffimam
605 2924 831 2969 SanHitatem,
848 2924 932 2980 ficut
945 2939 1023 2983 per-

281 2978 403 3032 feflam
425 2979 600 3032 justitiam:
635 2983 737 3037 arcisve
757 2998 829 3021 eam
843 2982 927 3035 ficut
942 2986 1024 3024 Uni-

283 3037 387 3093 geniti
404 3035 613 3090 mansionem,
632 3038 718 3095 ficut
737 3039 921 3095 *honorabile
942 3056 1024 3085 tem·

1742 94 1771 134 2

1145 171 1239 234 lum,
1257 170 1341 227 ficut
1358 170 1474 210 donum
1494 171 1610 217 DEI,
1635 169 1710 229 ficut
1732 97 1886 211 &ei-gris

1143 231 1361 285 omnipotentis
1364 230 1531 286 proprium
1542 259 1552 275 ‚
1570 229 1655 284 ficut
1666 228 1884 285 caelestisspon-

1136 286 1167 342 fi
1179 286 1297 326 donum
1320 287 1571 327 immaculatum.
1603 287 1699 327 Ibid.

1087 373 1119 411 3.
1146 361 1266 398 Wlater
1285 358 1493 398 immaculata
1506 385 1517 402 ‚
1546 361 1666 398 Macer
1688 360 1882 416 incorrupta,

1146 419 1266 457 Mater
1290 418 1412 456 intaeta
1426 443 1437 460 ‚
1479 433 1544 474 quae
1575 433 1672 474 neque
1693 417 1886 474 perfieafione

1136 475 1294 532 serpentis
1315 474 1443 532 decepta
1465 476 1505 530 ψ
1519 505 1528 520 ,
1560 492 1658 532 neque
1678 478 1745 530 ejus
1766 474 1886 524 afflati-

1145 533 1205 573 bus
1225 533 1386 587 ‘nenenofis
1408 534 1522 588 infesta
1542 535 1591 592 est,
1624 534 1719 574 Ibid.

1088 612 1130 660 4.
1159 611 1234 648 Hic
1245 621 1328 666 puer
1370 608 1492 666 indiget
1503 621 1600 667 patre
1619 610 1716 667 ficper
1742 624 1884 658 terram,

1144 667 1410 725 incorruptibilem
1447 670 1532 707 enim
1562 668 1656 708 habet
1681 672 1813 708 Patrem
1853 685 1886 710 m

1145 726 1255 781 exelsis
1276 743 1287 765 .·
1317 742 1379 766 non
1410 725 1531 783 indiget
1570 729 1691 766 Matre
1714 729 1747 766 in
1768 728 1881 775 centis,

1147 785 1390 824 immaculatam
1406 785 1501 824 babet
1514 786 1596 824 enim
1607 787 1759 825 Matrem
1778 787 1811 825 in
1822 801 1888 826 ter-

1146 843 1187 883 νιῖ
1220 869 1231 885 ,
1279 843 1361 883 hanc
1397 846 1539 883 Beatam
1570 843 1689 898 stilicet
1721 845 1886 901 Virginem

1146 903 1439 957 MARJAM.
1498 903 1625 943 Hom.
1645 917 1674 954 3.
1708 906 1750 943 in
1799 919 1832 944 c.
1854 921 1883 945 2.

1146 960 1288 1001 Matth.

1333 1028 1372 1093 §.
1395 1037 1436 1096 3.
1473 1029 1654 1092 Ratio.

1087 1129 1251 1174 FILII
1287 1129 1482 1173 DeVotI
1511 1160 1527 1183 ,
1573 1142 1674 1191 erga
1708 1127 1887 1177 Charos

1230 1199 1469 1261 genltores
1495 1230 1509 1253 ,
1561 1201 1731 1260 Magna
1780 1251 1783 1254 Α

1348 1265 1614 1331 obLIgatIO.

1187 1351 1339 1393 Hristus
1368 1355 1630 1395 DOMINUS
1654 1354 1788 1397 debuit
1813 1357 1883 1398 (uae

1216 1411 1437 1450 Beatiffimae
1447 1414 1588 1457 Matri,
1606 1416 1647 1452 in
1662 1415 1774 1455 omni
1786 1420 1885 1472 peri-

1086 1466 1196 1513 culo,
1226 1483 1270 1508 ac
1287 1468 1505 1509 neceffitate
1526 1469 1746 1518 iubvenire,
1777 1474 1883 1515 eam-

1085 1541 1159 1580 que
1171 1526 1219 1566 ab
1230 1530 1340 1567 omni
1356 1526 1464 1568 malo
1485 1527 1668 1569 liberare:
1701 1532 1774 1571 Sed
1794 1548 1885 1589 pec-

1084 1598 1216 1625 catum
1237 1585 1427 1642 originale
1446 1586 1500 1627 est
1523 1601 1713 1644 magnum
1734 1595 1883 1645 pericu-

1083 1643 1166 1684 lum
1189 1671 1200 1689 ,
1231 1651 1272 1686 &
1294 1644 1465 1692 malum3
1495 1648 1584 1700 quia
1607 1647 1757 1689 inducit
1806 1654 1879 1691 ini-

1082 1704 1272 1743 micitiam
1303 1705 1346 1744 D
1370 1705 1400 1743 E
1422 1705 1439 1743 Ι
1464 1733 1474 1749 ,
1506 1710 1547 1746 &
1582 1719 1731 1747 reatum
1753 1723 1881 1763 poenae

1081 1775 1244 1801 aeternae.
1293 1763 1396 1818 Ergo
1429 1761 1602 1804 Christus
1632 1764 1767 1806 debuit
1788 1780 1877 1808 eam

1079 1818 1128 1859 ab
1155 1819 1234 1860 hoc
1265 1832 1427 1876 peccato
1459 1819 1573 1861 omni*
1595 1836 1804 1865 momento
1831 1825 1878 1866 li-

1079 1877 1221 1918 berare.
1254 1880 1347 1933 Maj.
1365 1878 1476 1919 Prob.
1504 1883 1535 1920 8,
1553 1880 1677 1920 Ethic.
1704 1882 1875 1924 dicitur:

1078 1939 1188 1976 Nemo
1205 1936 1264 1987 est,
1297 1939 1352 1994 qui
1378 1937 1493 1977 habeat
1511 1937 1609 1994 fitper
1625 1939 1748 1996 aliquos
1775 1943 1874 1983 talem

1078 1995 1316 2051 obligationem,
1346 1996 1472 2052 qualem
1501 1997 1618 2036 habent
1638 2010 1792 2054 parentes
1811 2001 1872 2056 su-

1071 2065 1132 2110 per
1138 2053 1238 2108 filios.
1271 2069 1317 2095 ex
1333 2069 1413 2108 quo
1427 2059 1689 2096 communiter
1712 2057 1872 2100 deduci-

1077 2126 1160 2157 tur,
1191 2111 1290 2153 filios
1320 2127 1521 2167 nunquam
1572 2113 1732 2156 reddere
1769 2117 1872 2173 posse

1075 2170 1304 2226 aequivalens
1350 2172 1569 2227 parentibus
1612 2171 1707 2215 suis:
1741 2177 1875 2217 conse-

1078 2244 1243 2285 quenter
1271 2229 1404 2270 saltem
1427 2229 1649 2287 obligantur
1671 2258 1683 2275 ‚
1719 2235 1763 2288 ijs
1788 2234 1872 2276 Iub-

1078 2291 1213 2330 venire
1240 2288 1449 2329 fiecundum
1475 2303 1603 2330 totum
1618 2288 1726 2332 suum
1748 2292 1870 2349 polle,

1079 2353 1119 2390 &
1133 2362 1270 2388 omnes
1285 2350 1393 2389 vires.
1453 2350 1572 2403 Atqui
1587 2349 1760 2391 Christus
1780 2352 1870 2394 vere

1081 2405 1153 2446 fuit
1184 2405 1293 2446 filius.
1311 2408 1354 2445 Β.
1369 2408 1560 2462 Virginis,
1590 2406 1673 2448 imo
1696 2408 1868 2465 speciali-

1076 2463 1136 2505 ori
1150 2464 1291 2510 modo,
1322 2467 1411 2518 quia
1423 2478 1548 2505 totam
1565 2464 1668 2506 suam
1689 2466 1869 2509 humani-

1072 2536 1193 2563 tatem
1208 2552 1219 2568 ,
1249 2537 1333 2563 non
1353 2522 1532 2579 &duplici
1560 2538 1738 2580 parente,
1766 2525 1827 2567 sed
1844 2527 1868 2568 ὲ

1072 2580 1149 2622 sola
1164 2581 1280 2622 Beata
1300 2584 1459 2638 Virgine
1483 2581 1694 2639 desumpsit.
1764 2587 1867 2642 Ergo

1073 2652 1225 2681 tenetur
1266 2645 1335 2690 (&
1358 2639 1570 2696 specialiori
1597 2641 1755 2695 quidem
1779 2658 1868 2684 mo-

1073 2698 1150 2742 do,
1178 2696 1296 2753 quam
1319 2698 1412 2739 alius
1429 2697 1526 2739 filius
1543 2728 1553 2745 ‚
1585 2703 1651 2754 qui
1666 2698 1771 2740 suum
1793 2701 1866 2743 esse

1072 2760 1222 2813 accepit
1248 2756 1429 2813 aduplici
1461 2764 1646 2812 parente)
1684 2756 1753 2798 suae
1772 2763 1865 2801 San-

1073 2815 1237 2856 ffiffimae
1265 2817 1405 2861 Matri,
1436 2818 1476 2854 in
1500 2819 1610 2855 omni
1631 2816 1864 2866 neceffitate,

1072 2888 1118 2915 ac
1147 2873 1320 2929 periculo
1343 2873 1564 2918 subvenire,
1605 2879 1646 2915 &
1663 2874 1713 2914 ab
1753 2882 1865 2920 omni

1130 2932 1260 2978 malo,
1291 2931 1466 2986 adeoque
1481 2933 1598 2971 etiam
1622 2931 1671 2972 ab
1691 2935 1809 2991 origiq

1263 2988 1344 3031 nali
1389 2987 1540 3028 macula
1579 3004 1668 3032 eam

1372 3045 1542 3088 liberare.

1900 1187 2010 1239 521.

1117 3187 1195 3233 Kk
1719 3197 1760 3250 §.
1794 3211 1839 3254 4.
