2159 3508
117 451 141 472 c.
148 453 175 479 4.
184 442 217 471 de

117 484 202 513 Laud.

115 526 144 555 S.—
153 528 245 554 Aunae.

121 1257 189 1287 Psal.
200 1268 243 1294 3⁰·

119 1309 147 1329 v.
164 1306 208 1335 13.

320 112 406 182 316

281 211 322 242 to
342 200 540 240 cernimus.
599 194 760 238 Pulchre
799 198 839 235 in
861 194 960 235 hanc
983 207 1062 232 rem

281 257 507 297 dostiffimus
519 254 645 295 noster
655 252 888 295 Trithemius
900 264 1062 308 perorat,

284 315 378 355 dum
416 312 514 354 hisce
539 316 685 355 Divam
714 315 893 355 Annam,
923 308 1064 365 puriffi-

282 387 356 412 mae
371 374 537 428 Virginis
558 372 796 413 Genitricem
811 397 821 414 ‚
864 366 1033 407 dilaudat
1053 380 1062 405 t

282 431 365 469 Non
384 430 499 469 eratin
511 425 612 484 Ista'e'l
626 428 763 483 Jiznflior
777 426 882 466 altera
894 455 905 471 ,
935 440 1000 480 quae
1029 425 1061 463 in

280 488 470 543 conceptione
494 488 592 525 DEI
615 485 802 529 Genitricm
834 483 966 540 Spiritui
981 486 1061 521 San-

282 545 330 584 fio
348 544 479 598 waafine
489 544 612 583 macula?
622 543 799 593 construxit.
861 543 950 581 Erat
971 553 1062 595 ergo

282 604 427 643 Minui
448 603 507 642 Vas
515 601 584 657 fine
598 600 723 642 macule?
731 630 741 647 ,
779 612 976 652 nunquam
991 598 1064 637 dis-

281 674 460 715 ruptum,
492 663 579 714 quia
596 659 811 700 constanter
831 670 960 696 novum.
991 655 1065 695 dis-

282 731 434 773 ruptum
451 717 611 758 econtra
639 731 697 757 ‘vas
727 745 737 761 ,
768 729 902 758 natura
920 713 973 754 est
995 713 1063 752 hu—

279 790 397 816 mana
413 775 576 830 reliqua,
604 776 765 816 formata
785 772 942 827 quidem
963 771 1063 811 aFa-

281 836 385 874 &ote
407 832 580 889 supremo
599 859 610 877 ,
641 839 682 875 &
706 831 879 887 insignita
894 831 1062 885 imagine

281 893 505 934 Divinitatis
549 888 842 947 elegantiffima:
871 901 947 934 vae,
979 902 1063 927 om·

281 948 379 990 nino
395 948 580 1005 repletum
591 953 688 990 vino
708 945 891 1004 generoso
911 975 921 991 ,
948 947 1064 1001 origi-

279 1006 375 1047 nalis
399 1007 564 1061 justitiae,
591 1022 631 1047 at
663 1020 814 1062 rupmm
836 1034 846 1050 ,
876 1001 1064 1058 compres-

281 1064 437 1120 ffimdue
449 1065 589 1106 Adami
613 1064 725 1120 culpa
743 1093 754 1109 ‚
797 1060 955 1102 dolente
978 1074 1063 1116 rup-

284 1136 408 1164 turam
419 1123 501 1164 tota
512 1122 644 1163 misera
659 1121 875 1178 posteritate
886 1148 896 1164 ‚
913 1124 950 1160 ὃ(
968 1132 1064 1172 quo-

285 1179 380 1222 libet
399 1180 571 1221 nostrum
582 1195 629 1220 ex
648 1195 714 1220 ore
725 1177 885 1220 Davidis
906 1191 1063 1233 gemen-

285 1252 324 1279 te
345 1256 354 1279 ε
386 1240 503 1278 fanos
528 1238 602 1293 siim
625 1252 777 1293 tanquam
799 1249 857 1277 viu
873 1234 1034 1292 perditum
1052 1260 1063 1278 ‚

282 1311 346 1338 vas
380 1296 568 1350 abjectum
584 1324 596 1342 ,
626 1296 813 1340 dirutum,
858 1292 1067 1349 inglorium

281 1353 622 1395 contumeliosum:
655 1357 718 1393 Vas
736 1351 868 1397 oculis,
885 1350 983 1406 proh
995 1350 1065 1390 do-

281 1411 358 1452 lor!
387 1412 513 1469 stygijs
533 1411 687 1467 placens
705 1430 714 1458 5
745 1413 832 1465 quia
845 1412 977 1450 vinum
992 1410 1065 1449 Di-

286 1473 384 1512 vinae
394 1474 541 1526 gratiae,
573 1468 702 1525 inipso
717 1469 768 1509 sui
778 1467 958 1512 exordio,
983 1481 1066 1521 per—

285 1527 365 1568 dite
376 1527 621 1584 profundens.
650 1529 778 1580 Quare
794 1555 805 1571 ,
821 1528 911 1566 cum
920 1526 1066 1565 MAMA

289 1585 366 1627 sola
401 1593 464 1637 (ut
481 1585 666 1635 vidimus)
694 1588 753 1624 VM
769 1584 811 1624 sit
829 1582 973 1638 semper
994 1596 1066 1622 no-

121 1647 277 1691 inspeculo.
291 1658 404 1690 vum,
436 1656 554 1701 purum
574 1672 585 1689 ,
609 1643 751 1699 purim,
776 1641 968 1698 puriffimum
984 1669 994 1686 ,
1024 1652 1066 1680 ut

125 2483 246 2554 632.

289 1715 447 1745 vocatur
471 1701 493 1742 a
512 1700 691 1741 Fulberto
712 1697 938 1740 Carnotensi
963 1714 972 1737 ;
1003 1699 1063 1737 Vae

284 1762 438 1802 Divinis
453 1758 607 1815 placens
617 1757 757 1803 oculis,
784 1754 925 1813 gratia,
955 1752 1065 1796 Deo-

283 1833 358 1874 que
368 1817 447 1873 ipso
466 1817 643 1873 plenum:
675 1814 836 1870 quilibet
866 1812 1040 1855 nostrum
1056 1841 1066 1858 ‚

284 1875 472 1930 tanquam
496 1888 554 1916 ‘vas
579 1876 614 1914 in
644 1873 863 1914 contumeliam
884 1898 896 1916 ,
932 1871 981 1912 ad
1009 1884 1068 1911 'vae

285 1935 320 1975 in
337 1934 502 1976 honorem,
528 1935 738 1988 Deiparam
756 1960 767 1977 ,
797 1943 980 1972 recurrat:
1012 1942 1068 1970 at-

286 2007 360 2047 que
372 1995 456 2046 qui,
487 2006 603 2045 quam
616 1990 816 2032 habuimus
827 2015 837 2032 ‚
869 1993 909 2030 &
920 1990 1068 2043 accepia

285 2065 370 2091 mus
381 2054 422 2090 in
441 2048 660 2105 Baptismali
674 2047 781 2089 fonte
796 2076 807 2093 ,
838 2049 999 2103 gratiam
1011 2047 1065 2100 ju-

286 2107 535 2152 stificantem,
565 2106 671 2149 illam
705 2109 821 2148 etiam
841 2104 1066 2159 delinquen-

285 2165 340 2206 do
364 2165 616 2222 perdidimus,
646 2180 712 2221 per
731 2167 910 2205 MAR1AM
930 2164 1068 2203 iterum

287 2223 394 2264 illam
415 2223 526 2264 nobis
562 2221 818 2278 superinfundi
844 2250 856 2267 ,
898 2219 1068 2261 calidissi-

286 2284 359 2323 mis
373 2281 544 2339 precibus
565 2280 812 2338 efflagitemus
827 2283 835 2318 Ξ

464 2377 504 2441 §.
527 2388 577 2429 2.
611 2371 904 2425 Authoritas.

292 2471 758 2519 TertVLLIanVs
818 2470 870 2512 M
891 2479 921 2509 A
942 2464 1004 2509 RI
1023 2476 1063 2507 ΛΕ

431 2537 655 2588 Constans
694 2532 932 2584 Defensor.

287 2625 417 2664 DEus
435 2622 603 2677 imaginem
613 2618 710 2673 fitam
729 2617 750 2655 ὰ
764 2615 888 2656 diabolo
908 2627 1032 2671 captam
1052 2641 1062 2658 ,

345 2679 457 2721 amulo?
491 2678 666 2735 operatione
690 2700 703 2718 ‚
756 2675 965 2730 recuperavit.
1025 2676 1065 2712 In

341 2739 507 2794 Virginem
525 2734 626 2774 adhuc
653 2735 768 2774 Evam
797 2731 960 2787 irrepserat
987 2743 1065 2770 ‘ver-

343 2797 417 2838 bum
430 2794 659 2850 aedificatorium
682 2791 791 2830 mom'e
809 2805 819 2828 .·
847 2790 881 2828 in
900 2789 1066 2844 Virginem

338 2854 424 2911 equi
456 2849 709 2893 introducendum
741 2861 810 2886 erat
845 2847 962 2886 DEI
989 2849 1066 2884 Ver-

341 2912 414 2952 bum
437 2938 447 2954 >
479 2909 704 2949 extrudarium
728 2906 825 2949 vitae,
854 2918 890 2943 ut
913 2902 996 2959 quod
1006 2914 1066 2958 per

341 2967 517 3023 hujumodi
535 2967 651 3022 fixum
669 2964 792 3004 abieras
806 2962 838 3000 in
846 2962 1063 3018 perditionem,

339 3038 396 3082 per
411 3025 540 3067 eundem
552 3024 688 3078 sexum,
715 3020 904 3076 redigeretur
931 3020 963 3059 in
972 3018 1063 3073 salu-

342 3098 414 3123 tem.
476 3081 652 3121 Crediderat
680 3083 764 3119 Eva
805 3077 966 3133 serpenti,
997 3092 1063 3115 cre-

343 3139 426 3182 didit
447 3136 801 3194 iMARJAGabrieli:
833 3134 917 3192 quod
924 3134 977 3177 illa
997 3149 1064 3174 cre-

692 101 783 162 De
800 99 1086 179 Concepta
1100 100 1249 162 Sacra
1262 97 1509 177 Deipara,

1167 192 1267 234 dendo
1290 192 1422 249 deliquit
1441 218 1452 237 ,
1494 190 1556 231 haec
1577 187 1725 229 credendo
1750 184 1892 227 ‘delevin

1167 251 1249 293 Lib.
1260 251 1308 291 de
1334 264 1447 291 carne
1459 247 1609 290 Christi.
1626 262 1656 286 c.
1672 262 1726 300 17·

1336 370 1373 422 ς,
1399 371 1438 430 3.
1469 362 1649 421 Ratio.

1145 454 1327 502 vaere
1348 455 1701 501 ConDeCenter
1726 452 1858 495 Desl-
1905 444 2014 514 633.

1277 527 1437 570 Deras?
1459 521 1592 569 ane
1625 523 1735 582 parI.

1112 611 1366 710 TRitum,
1408 623 1451 647 ac
1495 606 1689 662 vulgatum
1732 607 1896 645 Axioma

1240 666 1312 706 est:
1340 667 1372 704 Si
1384 667 1437 705 νίς
1457 664 1590 709 nubere,
1627 664 1706 703 nube
1721 664 1806 719 pari.
1838 665 1893 702 uti

1112 728 1228 764 etiam
1257 723 1502 764 confirmatur
1535 725 1574 761 in
1601 727 1688 773 Jure
1715 724 1756 762 L.
1782 720 1889 776 unffi

1112 781 1149 821 de
1161 782 1223 826 aa.
1244 792 1281 824 (9·
1300 782 1370 821 obli.
1402 784 1618 824 Senatores,
1649 779 1825 822 Praefec'h',
1848 786 1888 819 ὃς

1112 839 1172 892 alij
1203 843 1244 879 in
1268 838 1515 895 dignitatibus
1556 837 1751 878 constituti
1775 865 1786 882 ‚
1822 837 1891 877 du-

1112 912 1198 938 cere
1217 912 1298 937 non
1323 896 1466 937 debent
1493 894 1647 937 ancillas
1672 922 1683 938 ,
1714 893 1778 934 vel
1803 895 1892 934 alias

1113 955 1283 996 obscuras
1305 954 1496 1000 mulieres,
1530 953 1635 993 nulla
1667 953 1851 1009 dignitate
1882 981 1892 997 ,

1112 1013 1174 1054 vel
1191 1011 1391 1053 nobilitate
1403 1011 1549 1052 afl'ee‘tas
1567 1014 1607 1051 in
1622 1026 1768 1051 uxores.
1825 1013 1897 1051 At-

1113 1074 1177 1125 qui
1212 1074 1252 1111 in
1292 1069 1460 1110 maxima
1511 1067 1670 1125 possibili
1707 1070 1894 1124 dignitate

1112 1129 1196 1169 sunt
1232 1128 1427 1169 constituti
1481 1127 1593 1168 Filius
1635 1129 1818 1172 Divinus,
1854 1133 1895 1167 ὅτ.

1113 1190 1268 1243 Spiritus
1279 1189 1445 1228 Sanetus.
1504 1187 1627 1240 Ergo,
1654 1197 1695 1226 ut
1711 1183 1894 1240 Sponsam

1114 1246 1418 1290 condecentem,
1452 1249 1492 1285 ὃ(
1521 1243 1585 1282 suo
1616 1242 1738 1282 modo
1765 1257 1896 1298 parem

1115 1303 1276 1359 eligant,
1303 1303 1385 1342 haec
1407 1316 1488 1342 non
1504 1300 1621 1341 debet
1634 1297 1706 1340 effe
1730 1299 1868 1340 ancilla
1886 1329 1897 1345 ,

1115 1361 1175 1403 seu
1209 1363 1471 1416 mancipium,
1502 1358 1563 1399 std
1600 1358 1758 1403 nobilis,
1789 1364 1828 1399 &
1855 1362 1894 1397 in

1114 1420 1300 1475 dignitate
1338 1417 1554 1466 constituta.
1596 1415 1789 1457 Subsumo.
1821 1416 1896 1457 Sed

1115 1476 1265 1518 desasto
1298 1478 1427 1530 (juxta
1450 1489 1701 1515 communem
1723 1488 1896 1514 mentem

1115 1534 1307 1582 Ecclefiae)
1341 1533 1452 1573 Filius
1481 1533 1646 1578 dicitur,
1681 1532 1745 1572 fibi
1761 1538 1895 1572 unien—

1115 1593 1167 1633 do
1180 1590 1414 1647 hypostatice
1442 1590 1722 1630 mundissimam
1741 1605 1897 1630 carnem

1114 1653 1237 1690 Beatae
1254 1652 1438 1705 Virginis,
1465 1650 1754 1688 matrimonium
1765 1647 1894 1701 inijsse,

1112 1706 1293 1762 fimult'que
1321 1709 1502 1762 Spiritum
1521 1708 1699 1746 Sanctum
1719 1704 1806 1746 vere
1830 1705 1895 1746 sibi

1113 1763 1345 1822 desponsasse
1359 1767 1514 1804 Beatam
1525 1766 1735 1818 Virginem.
1794 1765 1897 1819 Ergo

1115 1825 1198 1865 haec
1222 1838 1305 1864 non
1316 1822 1447 1863 debuit
1478 1820 1548 1861 esse
1574 1820 1728 1861 obscura
1745 1820 1894 1869 mulier,

1116 1881 1179 1922 sed
1190 1880 1341 1927 nobilis,
1353 1887 1427 1922 &e
1487 1879 1561 1921 Sed
1576 1878 1600 1919 fi
1618 1878 1731 1920 semel
1743 1893 1896 1921 contra-

1115 1938 1221 1981 xisset
1251 1952 1451 1995 peccatum
1471 1936 1656 1993 originale
1673 1964 1684 1981 ‚
1713 1938 1790 1991 jam
1811 1952 1895 1988 non

1116 1997 1277 2054 amplius
1318 1997 1407 2039 esset
1435 1995 1599 2042 nobilis,
1629 1994 1691 2035 sed
1728 1995 1894 2042 ancilla,

1114 2058 1421 2112 &mancipium‚
1455 2068 1595 2110 nempe
1605 2053 1770 2094 diaboli:
1802 2069 1896 2094 con-

1115 2114 1312 2169 sequenter
1332 2129 1405 2153 nec
1423 2110 1512 2153 esset
1535 2115 1574 2152 in
1596 2111 1781 2168 dignitate
1802 2127 1898 2152 con-

1117 2173 1263 2218 stituta3
1294 2175 1383 2226 quia
1407 2185 1472 2227 per
1489 2183 1688 2226 peccatum
1712 2169 1898 2226 originale

1116 2234 1199 2285 quis
1223 2233 1387 2286 privatur
1420 2227 1530 2269 omni
1551 2227 1736 2284 dignitate
1775 2227 1896 2282 stiper-

1115 2287 1308 2334 naturali,
1339 2284 1520 2341 fimuldue
1565 2289 1605 2325 in
1645 2285 1899 2326 obscuriffimo

1116 2346 1210 2387 statu
1230 2345 1477 2387 constituitur.
1538 2345 1637 2399 Ergo
1648 2343 1707 2383 vel
1720 2357 1801 2383 non
1826 2358 1895 2399 po-

1117 2405 1267 2446 tuiteffie
1284 2404 1364 2457 Filij
1378 2433 1387 2449 ,
1418 2409 1456 2444 &
1474 2403 1626 2458 Spiritus
1640 2403 1763 2442 Sanffi
1783 2401 1895 2456 spon—-

1112 2463 1168 2510 sa,
1200 2462 1305 2518 quod
1329 2461 1382 2502 est
1408 2474 1541 2501 contra
1574 2473 1745 2501 mentem
1765 2460 1897 2499 Eccle-

1111 2521 1169 2561 sia:
1189 2538 1197 2561 ε
1235 2520 1295 2562 vel
1311 2519 1442 2560 debuit
1463 2516 1533 2559 esse
1546 2518 1622 2558 fine
1646 2530 1805 2573 peccato
1822 2520 1896 2558 ori-

1111 2577 1239 2637 ginali.

1322 2651 1360 2719 §.
1376 2664 1426 2720 4.
1449 2652 1675 2724 IIt'storia.

1112 2760 1329 2813 MarItVs‚
1354 2753 1377 2802 a
1397 2751 1590 2816 Delpara
1612 2759 1895 2812 CorrectVs.
1915 2778 2036 2847 634·

1211 2845 1390 2883 Armonae
1408 2868 1419 2886 ‚
1450 2839 1610 2895 Oppido
1636 2841 1807 2895 quodam
1822 2844 1897 2883 Lu-

1242 2899 1403 2944 sitaniae‚
1439 2901 1494 2938 vir
1504 2897 1700 2939 habitabat
1713 2925 1724 2942 ,
1745 2901 1896 2941 Doctor

1115 2959 1210 3009 Juris
1220 2983 1231 3001 ,
1249 2959 1347 3011 vitijs
1359 2956 1579 3011 depravatus
1594 2982 1605 2998 ‚
1635 2961 1675 2996 in
1690 2958 1895 3013 conjugem

1115 3014 1258 3056 summe
1278 3014 1442 3059 fieverus,
1473 3028 1560 3069 erga
1571 3015 1893 3069 pauperesdurisfi-

1113 3088 1215 3114 mus:
1247 3074 1348 3126 cujus
1379 3071 1482 3112 frons
1511 3086 1592 3111 non
1619 3072 1685 3112 nisi
1714 3071 1892 3118 nebulas,

1112 3131 1214 3172 oculi
1229 3133 1353 3188 ignes,
1380 3145 1422 3171 os
1440 3132 1607 3171 tonitura
1625 3158 1637 3175 ,
1669 3144 1801 3172 manus
1820 3128 1892 3168 ful-

1796 3200 1875 3226 nu.
