<?xml version="1.0" encoding="UTF-8"?>
<!DOCTYPE html PUBLIC "-//W3C//DTD XHTML 1.0 Transitional//EN"
    "http://www.w3.org/TR/xhtml1/DTD/xhtml1-transitional.dtd">
<html xmlns="http://www.w3.org/1999/xhtml" xml:lang="en" lang="en">
 <head>
  <title>
</title>
<meta http-equiv="Content-Type" content="text/html;charset=utf-8" />
  <meta name='ocr-system' content='tesseract 3.04.00' />
  <meta name='ocr-capabilities' content='ocr_page ocr_carea ocr_par ocr_line ocrx_word'/>
</head>
<body>
  <div class='ocr_page' id='page_1' title='image "./conceptvschronog00zolle_0067.png"; bbox 0 0 2159 3508; ppageno 0'>
   <div class='ocr_carea' id='block_1_1' title="bbox 59 302 876 387">
    <p class='ocr_par' dir='ltr' id='par_1_1' title="bbox 59 302 876 387">
     <span class='ocr_line' id='line_1_1' title="bbox 59 302 876 387; baseline 0.007 -19"><span class='ocrx_word' id='word_1_1' title='bbox 59 302 147 359; x_wconf 81' lang='lat'>65·</span> <span class='ocrx_word' id='word_1_2' title='bbox 186 325 460 379; x_wconf 82' lang='lat' dir='ltr'>MIraCVLa</span> <span class='ocrx_word' id='word_1_3' title='bbox 477 341 578 373; x_wconf 89' lang='lat' dir='ltr'>non</span> <span class='ocrx_word' id='word_1_4' title='bbox 600 326 876 387; x_wconf 72' lang='lat' dir='ltr'>patrantVr2</span> 
     </span>
    </p>
   </div>
   <div class='ocr_carea' id='block_1_2' title="bbox 708 104 1186 190">
    <p class='ocr_par' dir='ltr' id='par_1_2' title="bbox 708 104 1186 190">
     <span class='ocr_line' id='line_1_2' title="bbox 708 104 1186 190; baseline -0.004 -16"><span class='ocrx_word' id='word_1_5' title='bbox 708 106 1033 190; x_wconf 78' lang='lat' dir='ltr'>Conceptus</span> <span class='ocrx_word' id='word_1_6' title='bbox 1116 104 1186 173; x_wconf 85' lang='lat' dir='ltr'>X.</span> 
     </span>
    </p>
   </div>
   <div class='ocr_carea' id='block_1_3' title="bbox 428 227 746 299">
    <p class='ocr_par' dir='ltr' id='par_1_3' title="bbox 428 227 746 299">
     <span class='ocr_line' id='line_1_3' title="bbox 428 227 746 299; baseline -0.013 -17"><span class='ocrx_word' id='word_1_7' title='bbox 428 228 467 298; x_wconf 85' lang='lat'>§.</span> <span class='ocrx_word' id='word_1_8' title='bbox 488 229 530 299; x_wconf 79' lang='lat'>3.</span> <span class='ocrx_word' id='word_1_9' title='bbox 564 227 746 291; x_wconf 64' lang='lat' dir='ltr'>Ratio,</span> 
     </span>
    </p>
   </div>
   <div class='ocr_carea' id='block_1_4' title="bbox 343 333 983 446">
    <p class='ocr_par' dir='ltr' id='par_1_4' title="bbox 343 333 983 446">
     <span class='ocr_line' id='line_1_4' title="bbox 930 333 983 365; baseline 0 0"><span class='ocrx_word' id='word_1_10' title='bbox 930 333 983 365; x_wconf 92' lang='lat' dir='ltr'>ro</span> 
     </span>
     <span class='ocr_line' id='line_1_5' title="bbox 343 334 926 446; baseline -0.019 0"><span class='ocrx_word' id='word_1_11' title='bbox 343 391 583 446; x_wconf 67' lang='lat' dir='ltr'>asserenDa</span> <span class='ocrx_word' id='word_1_12' title='bbox 608 394 840 442; x_wconf 84' lang='lat' dir='ltr'>faLsItate.</span> <span class='ocrx_word' id='word_1_13' title='bbox 899 334 926 382; x_wconf 76' lang='lat' dir='ltr'>p</span> 
     </span>
    </p>
   </div>
   <div class='ocr_carea' id='block_1_5' title="bbox 194 480 1025 2593">
    <p class='ocr_par' dir='ltr' id='par_1_5' title="bbox 194 480 1025 2593">
     <span class='ocr_line' id='line_1_6' title="bbox 315 480 991 530; baseline -0.018 0"><span class='ocrx_word' id='word_1_14' title='bbox 315 486 458 530; x_wconf 85' lang='lat' dir='ltr'>Iracula</span> <span class='ocrx_word' id='word_1_15' title='bbox 468 499 617 528; x_wconf 84' lang='lat' dir='ltr'>tantam</span> <span class='ocrx_word' id='word_1_16' title='bbox 632 483 780 524; x_wconf 88' lang='lat' dir='ltr'>habent</span> <span class='ocrx_word' id='word_1_17' title='bbox 803 480 991 523; x_wconf 85' lang='lat' dir='ltr'>connexi-</span> 
     </span>
     <span class='ocr_line' id='line_1_7' title="bbox 338 539 991 593; baseline -0.018 -4"><span class='ocrx_word' id='word_1_18' title='bbox 338 562 469 593; x_wconf 85' lang='lat' dir='ltr'>onem,</span> <span class='ocrx_word' id='word_1_19' title='bbox 496 559 586 585; x_wconf 90' lang='lat' dir='ltr'>cum</span> <span class='ocrx_word' id='word_1_20' title='bbox 599 546 756 585; x_wconf 88' lang='lat' dir='ltr'>veritate</span> <span class='ocrx_word' id='word_1_21' title='bbox 772 540 823 581; x_wconf 83' lang='lat' dir='ltr'>sui</span> <span class='ocrx_word' id='word_1_22' title='bbox 838 539 991 593; x_wconf 63' lang='lat' dir='ltr'>objecti,</span> 
     </span>
     <span class='ocr_line' id='line_1_8' title="bbox 194 598 994 661; baseline -0.016 -12"><span class='ocrx_word' id='word_1_23' title='bbox 194 611 236 648; x_wconf 91' lang='lat' dir='ltr'>in</span> <span class='ocrx_word' id='word_1_24' title='bbox 247 608 349 661; x_wconf 82' lang='lat' dir='ltr'>cujus</span> <span class='ocrx_word' id='word_1_25' title='bbox 358 605 621 646; x_wconf 90' lang='lat' dir='ltr'>testimonium</span> <span class='ocrx_word' id='word_1_26' title='bbox 637 601 756 646; x_wconf 88' lang='lat' dir='ltr'>fiunt,</span> <span class='ocrx_word' id='word_1_27' title='bbox 787 612 829 639; x_wconf 93' lang='lat' dir='ltr'>ut</span> <span class='ocrx_word' id='word_1_28' title='bbox 853 598 901 637; x_wconf 88' lang='lat' dir='ltr'>de</span> <span class='ocrx_word' id='word_1_29' title='bbox 924 611 994 652; x_wconf 90' lang='lat' dir='ltr'>po-</span> 
     </span>
     <span class='ocr_line' id='line_1_9' title="bbox 196 657 995 719; baseline -0.016 -12"><span class='ocrx_word' id='word_1_30' title='bbox 196 665 317 708; x_wconf 69' lang='lat' dir='ltr'>tentia</span> <span class='ocrx_word' id='word_1_31' title='bbox 329 665 421 705; x_wconf 87' lang='lat' dir='ltr'>DEI</span> <span class='ocrx_word' id='word_1_32' title='bbox 442 674 651 719; x_wconf 81' lang='lat' dir='ltr'>repugnet,</span> <span class='ocrx_word' id='word_1_33' title='bbox 678 673 720 700; x_wconf 89' lang='lat' dir='ltr'>ut</span> <span class='ocrx_word' id='word_1_34' title='bbox 736 657 831 698; x_wconf 91' lang='lat' dir='ltr'>illud</span> <span class='ocrx_word' id='word_1_35' title='bbox 846 671 928 696; x_wconf 90' lang='lat' dir='ltr'>non</span> <span class='ocrx_word' id='word_1_36' title='bbox 953 658 995 694; x_wconf 91' lang='lat' dir='ltr'>in</span> 
     </span>
     <span class='ocr_line' id='line_1_10' title="bbox 197 713 996 777; baseline -0.018 -11"><span class='ocrx_word' id='word_1_37' title='bbox 197 724 232 766; x_wconf 79' lang='grc' dir='ltr'>ίὲ</span> <span class='ocrx_word' id='word_1_38' title='bbox 241 724 284 764; x_wconf 86' lang='lat' dir='ltr'>sit</span> <span class='ocrx_word' id='word_1_39' title='bbox 296 737 426 766; x_wconf 87' lang='lat' dir='ltr'>verum</span> <span class='ocrx_word' id='word_1_40' title='bbox 436 751 446 767; x_wconf 92' lang='lat'>,</span> <span class='ocrx_word' id='word_1_41' title='bbox 479 733 634 777; x_wconf 88' lang='lat' dir='ltr'>propter</span> <span class='ocrx_word' id='word_1_42' title='bbox 646 717 752 773; x_wconf 91' lang='lat' dir='ltr'>quod</span> <span class='ocrx_word' id='word_1_43' title='bbox 767 713 996 756; x_wconf 81' lang='lat' dir='ltr'>miraculum</span> 
     </span>
     <span class='ocr_line' id='line_1_11' title="bbox 198 770 998 837; baseline -0.016 -13"><span class='ocrx_word' id='word_1_44' title='bbox 198 783 266 825; x_wconf 88' lang='lat' dir='ltr'>fit:</span> <span class='ocrx_word' id='word_1_45' title='bbox 300 780 474 837; x_wconf 84' lang='lat' dir='ltr'>implicat</span> <span class='ocrx_word' id='word_1_46' title='bbox 508 782 614 819; x_wconf 91' lang='lat' dir='ltr'>enim</span> <span class='ocrx_word' id='word_1_47' title='bbox 643 794 679 822; x_wconf 65' lang='lat' dir='ltr'>v,</span> <span class='ocrx_word' id='word_1_48' title='bbox 693 792 728 833; x_wconf 85' lang='lat' dir='ltr'>g.</span> <span class='ocrx_word' id='word_1_49' title='bbox 752 775 800 815; x_wconf 88' lang='lat' dir='ltr'>de</span> <span class='ocrx_word' id='word_1_50' title='bbox 822 770 998 831; x_wconf 62' lang='lat' dir='ltr'>potenti-a</span> 
     </span>
     <span class='ocr_line' id='line_1_12' title="bbox 201 828 1000 885; baseline -0.015 -3"><span class='ocrx_word' id='word_1_51' title='bbox 201 842 292 883; x_wconf 82' lang='lat' dir='ltr'>DEI</span> <span class='ocrx_word' id='word_1_52' title='bbox 304 837 470 881; x_wconf 68' lang='lat' dir='ltr'>abloluta</span> <span class='ocrx_word' id='word_1_53' title='bbox 481 868 491 885; x_wconf 87' lang='lat'>,</span> <span class='ocrx_word' id='word_1_54' title='bbox 523 851 564 878; x_wconf 91' lang='lat' dir='ltr'>ut</span> <span class='ocrx_word' id='word_1_55' title='bbox 579 835 645 876; x_wconf 84' lang='lat' dir='ltr'>illa</span> <span class='ocrx_word' id='word_1_56' title='bbox 663 836 837 876; x_wconf 47' lang='lat' dir='ltr'>doctrina</span> <span class='ocrx_word' id='word_1_57' title='bbox 862 847 944 873; x_wconf 89' lang='lat' dir='ltr'>non</span> <span class='ocrx_word' id='word_1_58' title='bbox 957 828 1000 870; x_wconf 84' lang='lat' dir='ltr'>sit</span> 
     </span>
     <span class='ocr_line' id='line_1_13' title="bbox 201 888 1000 955; baseline -0.016 -14"><span class='ocrx_word' id='word_1_59' title='bbox 201 914 301 945; x_wconf 86' lang='lat' dir='ltr'>vera,</span> <span class='ocrx_word' id='word_1_60' title='bbox 324 911 479 955; x_wconf 86' lang='lat' dir='ltr'>propter</span> <span class='ocrx_word' id='word_1_61' title='bbox 497 911 615 951; x_wconf 81' lang='lat' dir='ltr'>quam</span> <span class='ocrx_word' id='word_1_62' title='bbox 632 896 769 936; x_wconf 87' lang='lat' dir='ltr'>DEUS</span> <span class='ocrx_word' id='word_1_63' title='bbox 786 909 819 933; x_wconf 89' lang='lat' dir='ltr'>v.</span> <span class='ocrx_word' id='word_1_64' title='bbox 833 907 869 948; x_wconf 80' lang='lat' dir='ltr'>g.</span> <span class='ocrx_word' id='word_1_65' title='bbox 905 888 1000 930; x_wconf 79' lang='lat' dir='ltr'>relu-</span> 
     </span>
     <span class='ocr_line' id='line_1_14' title="bbox 203 949 999 1006; baseline -0.015 -7"><span class='ocrx_word' id='word_1_66' title='bbox 203 953 310 999; x_wconf 76' lang='lat' dir='ltr'>stitat</span> <span class='ocrx_word' id='word_1_67' title='bbox 331 970 540 1001; x_wconf 84' lang='lat' dir='ltr'>mortuum,</span> <span class='ocrx_word' id='word_1_68' title='bbox 556 961 629 996; x_wconf 70' lang='lat' dir='ltr'>&amp;o</span> <span class='ocrx_word' id='word_1_69' title='bbox 694 954 810 1006; x_wconf 87' lang='lat' dir='ltr'>Atqui</span> <span class='ocrx_word' id='word_1_70' title='bbox 834 949 999 1006; x_wconf 83' lang='lat' dir='ltr'>plurima</span> 
     </span>
     <span class='ocr_line' id='line_1_15' title="bbox 205 1007 1000 1063; baseline -0.014 -6"><span class='ocrx_word' id='word_1_71' title='bbox 205 1015 387 1058; x_wconf 88' lang='lat' dir='ltr'>miracula</span> <span class='ocrx_word' id='word_1_72' title='bbox 395 1014 492 1055; x_wconf 62' lang='lat' dir='ltr'>facta</span> <span class='ocrx_word' id='word_1_73' title='bbox 502 1013 587 1055; x_wconf 80' lang='lat' dir='ltr'>lunt</span> <span class='ocrx_word' id='word_1_74' title='bbox 603 1018 657 1062; x_wconf 82' lang='lat' dir='ltr'>(ut</span> <span class='ocrx_word' id='word_1_75' title='bbox 669 1015 710 1052; x_wconf 90' lang='lat' dir='ltr'>in</span> <span class='ocrx_word' id='word_1_76' title='bbox 723 1007 879 1051; x_wconf 88' lang='lat' dir='ltr'>decursu</span> <span class='ocrx_word' id='word_1_77' title='bbox 892 1011 1000 1063; x_wconf 87' lang='lat' dir='ltr'>Ope-</span> 
     </span>
     <span class='ocr_line' id='line_1_16' title="bbox 204 1067 1002 1121; baseline -0.014 -5"><span class='ocrx_word' id='word_1_78' title='bbox 204 1078 264 1120; x_wconf 84' lang='lat' dir='ltr'>ris,</span> <span class='ocrx_word' id='word_1_79' title='bbox 291 1073 354 1115; x_wconf 77' lang='lat' dir='ltr'>luo</span> <span class='ocrx_word' id='word_1_80' title='bbox 370 1073 461 1114; x_wconf 88' lang='lat' dir='ltr'>loco</span> <span class='ocrx_word' id='word_1_81' title='bbox 471 1071 714 1121; x_wconf 86' lang='lat' dir='ltr'>ostendetur)</span> <span class='ocrx_word' id='word_1_82' title='bbox 737 1068 784 1110; x_wconf 89' lang='lat' dir='ltr'>ad</span> <span class='ocrx_word' id='word_1_83' title='bbox 794 1067 1002 1109; x_wconf 80' lang='lat' dir='ltr'>confirma-</span> 
     </span>
     <span class='ocr_line' id='line_1_17' title="bbox 205 1127 999 1183; baseline -0.014 -9"><span class='ocrx_word' id='word_1_84' title='bbox 205 1137 358 1175; x_wconf 83' lang='lat' dir='ltr'>tionem</span> <span class='ocrx_word' id='word_1_85' title='bbox 400 1131 656 1173; x_wconf 81' lang='lat' dir='ltr'>immaculatae</span> <span class='ocrx_word' id='word_1_86' title='bbox 719 1127 999 1183; x_wconf 82' lang='lat' dir='ltr'>conceptionis.</span> 
     </span>
     <span class='ocr_line' id='line_1_18' title="bbox 206 1185 1003 1249; baseline -0.013 -15"><span class='ocrx_word' id='word_1_87' title='bbox 206 1194 473 1249; x_wconf 84' lang='lat' dir='ltr'>ErgoBeatam</span> <span class='ocrx_word' id='word_1_88' title='bbox 497 1193 701 1246; x_wconf 81' lang='lat' dir='ltr'>Virginem</span> <span class='ocrx_word' id='word_1_89' title='bbox 720 1185 791 1228; x_wconf 90' lang='lat' dir='ltr'>esse</span> <span class='ocrx_word' id='word_1_90' title='bbox 815 1190 1003 1226; x_wconf 77' lang='lat' dir='ltr'>immacu-</span> 
     </span>
     <span class='ocr_line' id='line_1_19' title="bbox 207 1242 1005 1306; baseline -0.013 -14"><span class='ocrx_word' id='word_1_91' title='bbox 207 1251 283 1293; x_wconf 75' lang='lat' dir='ltr'>late</span> <span class='ocrx_word' id='word_1_92' title='bbox 305 1263 561 1306; x_wconf 83' lang='lat' dir='ltr'>conceptam,</span> <span class='ocrx_word' id='word_1_93' title='bbox 582 1261 732 1288; x_wconf 83' lang='lat' dir='ltr'>tantam</span> <span class='ocrx_word' id='word_1_94' title='bbox 759 1249 801 1286; x_wconf 90' lang='lat' dir='ltr'>in</span> <span class='ocrx_word' id='word_1_95' title='bbox 831 1244 865 1284; x_wconf 89' lang='lat' dir='ltr'>se</span> <span class='ocrx_word' id='word_1_96' title='bbox 887 1242 1005 1283; x_wconf 87' lang='lat' dir='ltr'>habet</span> 
     </span>
     <span class='ocr_line' id='line_1_20' title="bbox 208 1305 1005 1362; baseline -0.014 -11"><span class='ocrx_word' id='word_1_97' title='bbox 208 1313 410 1352; x_wconf 80' lang='lat' dir='ltr'>veritatem</span> <span class='ocrx_word' id='word_1_98' title='bbox 422 1338 432 1354; x_wconf 88' lang='lat'>,</span> <span class='ocrx_word' id='word_1_99' title='bbox 456 1322 497 1348; x_wconf 92' lang='lat' dir='ltr'>ut</span> <span class='ocrx_word' id='word_1_100' title='bbox 512 1308 559 1348; x_wconf 89' lang='lat' dir='ltr'>de</span> <span class='ocrx_word' id='word_1_101' title='bbox 569 1305 743 1362; x_wconf 70' lang='lat' dir='ltr'>potentia</span> <span class='ocrx_word' id='word_1_102' title='bbox 757 1305 851 1360; x_wconf 87' lang='lat' dir='ltr'>DEI</span> <span class='ocrx_word' id='word_1_103' title='bbox 868 1315 1005 1357; x_wconf 80' lang='lat' dir='ltr'>repug-</span> 
     </span>
     <span class='ocr_line' id='line_1_21' title="bbox 208 1361 1005 1421; baseline -0.015 -12"><span class='ocrx_word' id='word_1_104' title='bbox 208 1382 287 1414; x_wconf 84' lang='lat' dir='ltr'>net,</span> <span class='ocrx_word' id='word_1_105' title='bbox 320 1365 468 1408; x_wconf 74' lang='lat' dir='ltr'>aliterie</span> <span class='ocrx_word' id='word_1_106' title='bbox 481 1366 503 1405; x_wconf 74' lang='lat' dir='ltr'>a</span> <span class='ocrx_word' id='word_1_107' title='bbox 520 1379 625 1421; x_wconf 86' lang='lat' dir='ltr'>parte</span> <span class='ocrx_word' id='word_1_108' title='bbox 640 1367 694 1404; x_wconf 88' lang='lat' dir='ltr'>rei</span> <span class='ocrx_word' id='word_1_109' title='bbox 706 1361 855 1404; x_wconf 87' lang='lat' dir='ltr'>habere.</span> <span class='ocrx_word' id='word_1_110' title='bbox 869 1361 1005 1412; x_wconf 71' lang='lat' dir='ltr'>major,</span> 
     </span>
     <span class='ocr_line' id='line_1_22' title="bbox 207 1420 1006 1484; baseline -0.015 -16"><span class='ocrx_word' id='word_1_111' title='bbox 207 1426 318 1484; x_wconf 90' lang='lat' dir='ltr'>prob.</span> <span class='ocrx_word' id='word_1_112' title='bbox 378 1429 414 1467; x_wconf 87' lang='lat' dir='ltr'>Si</span> <span class='ocrx_word' id='word_1_113' title='bbox 427 1422 610 1465; x_wconf 86' lang='lat' dir='ltr'>miracula</span> <span class='ocrx_word' id='word_1_114' title='bbox 621 1437 704 1462; x_wconf 88' lang='lat' dir='ltr'>non</span> <span class='ocrx_word' id='word_1_115' title='bbox 723 1420 911 1461; x_wconf 81' lang='lat' dir='ltr'>haberent</span> <span class='ocrx_word' id='word_1_116' title='bbox 922 1431 1006 1457; x_wconf 56' lang='lat' dir='ltr'>tana</span> 
     </span>
     <span class='ocr_line' id='line_1_23' title="bbox 208 1474 1010 1525; baseline -0.012 0"><span class='ocrx_word' id='word_1_117' title='bbox 208 1499 289 1525; x_wconf 88' lang='lat' dir='ltr'>tam</span> <span class='ocrx_word' id='word_1_118' title='bbox 301 1486 593 1524; x_wconf 83' lang='lat' dir='ltr'>connexionem</span> <span class='ocrx_word' id='word_1_119' title='bbox 608 1496 697 1521; x_wconf 89' lang='lat' dir='ltr'>cum</span> <span class='ocrx_word' id='word_1_120' title='bbox 710 1482 880 1522; x_wconf 88' lang='lat' dir='ltr'>veritate,</span> <span class='ocrx_word' id='word_1_121' title='bbox 899 1476 973 1517; x_wconf 87' lang='lat' dir='ltr'>five</span> <span class='ocrx_word' id='word_1_122' title='bbox 984 1474 1010 1515; x_wconf 86' lang='lat' dir='ltr'>si</span> 
     </span>
     <span class='ocr_line' id='line_1_24' title="bbox 208 1533 1011 1598; baseline -0.015 -12"><span class='ocrx_word' id='word_1_123' title='bbox 208 1546 252 1585; x_wconf 95' lang='lat' dir='ltr'><strong>D</strong></span> <span class='ocrx_word' id='word_1_124' title='bbox 263 1545 293 1584; x_wconf 88' lang='lat' dir='ltr'><strong>E</strong></span> <span class='ocrx_word' id='word_1_125' title='bbox 306 1548 342 1584; x_wconf 94' lang='lat' dir='ltr'>U</span> <span class='ocrx_word' id='word_1_126' title='bbox 353 1546 376 1584; x_wconf 83' lang='lat' dir='ltr'>S</span> <span class='ocrx_word' id='word_1_127' title='bbox 415 1557 483 1598; x_wconf 88' lang='lat' dir='ltr'>per</span> <span class='ocrx_word' id='word_1_128' title='bbox 494 1538 723 1581; x_wconf 83' lang='lat' dir='ltr'>miraculum</span> <span class='ocrx_word' id='word_1_129' title='bbox 743 1535 888 1591; x_wconf 89' lang='lat' dir='ltr'>aliquid</span> <span class='ocrx_word' id='word_1_130' title='bbox 901 1533 1011 1575; x_wconf 86' lang='lat' dir='ltr'>testa-</span> 
     </span>
     <span class='ocr_line' id='line_1_25' title="bbox 210 1591 1014 1653; baseline -0.014 -10"><span class='ocrx_word' id='word_1_131' title='bbox 210 1616 313 1643; x_wconf 82' lang='lat' dir='ltr'>retur</span> <span class='ocrx_word' id='word_1_132' title='bbox 337 1598 544 1653; x_wconf 84' lang='lat' dir='ltr'>(miracula</span> <span class='ocrx_word' id='word_1_133' title='bbox 571 1601 678 1639; x_wconf 89' lang='lat' dir='ltr'>enim</span> <span class='ocrx_word' id='word_1_134' title='bbox 693 1627 703 1643; x_wconf 92' lang='lat'>,</span> <span class='ocrx_word' id='word_1_135' title='bbox 739 1595 787 1637; x_wconf 76' lang='lat' dir='ltr'>eo</span> <span class='ocrx_word' id='word_1_136' title='bbox 810 1591 919 1650; x_wconf 76' lang='lat' dir='ltr'>quod</span> <span class='ocrx_word' id='word_1_137' title='bbox 941 1592 1014 1634; x_wconf 83' lang='lat' dir='ltr'>sint</span> 
     </span>
     <span class='ocr_line' id='line_1_26' title="bbox 213 1651 1015 1718; baseline -0.014 -16"><span class='ocrx_word' id='word_1_138' title='bbox 213 1660 321 1718; x_wconf 88' lang='lat' dir='ltr'>supra</span> <span class='ocrx_word' id='word_1_139' title='bbox 332 1663 427 1702; x_wconf 87' lang='lat' dir='ltr'>vires</span> <span class='ocrx_word' id='word_1_140' title='bbox 438 1672 581 1699; x_wconf 80' lang='lat' dir='ltr'>naturae</span> <span class='ocrx_word' id='word_1_141' title='bbox 592 1687 602 1703; x_wconf 96' lang='lat'><em>‚</em></span> <span class='ocrx_word' id='word_1_142' title='bbox 634 1656 656 1698; x_wconf 71' lang='lat' dir='ltr'>a</span> <span class='ocrx_word' id='word_1_143' title='bbox 666 1655 775 1696; x_wconf 92' lang='lat' dir='ltr'>nullo</span> <span class='ocrx_word' id='word_1_144' title='bbox 788 1653 876 1696; x_wconf 79' lang='lat' dir='ltr'>alio,</span> <span class='ocrx_word' id='word_1_145' title='bbox 910 1651 978 1692; x_wconf 81' lang='lat' dir='ltr'>nifi</span> <span class='ocrx_word' id='word_1_146' title='bbox 993 1651 1015 1691; x_wconf 74' lang='lat' dir='ltr'>a</span> 
     </span>
     <span class='ocr_line' id='line_1_27' title="bbox 213 1707 1016 1774; baseline -0.015 -12"><span class='ocrx_word' id='word_1_147' title='bbox 213 1721 333 1762; x_wconf 82' lang='lat' dir='ltr'>DEO</span> <span class='ocrx_word' id='word_1_148' title='bbox 344 1719 424 1759; x_wconf 90' lang='lat' dir='ltr'>fieri</span> <span class='ocrx_word' id='word_1_149' title='bbox 436 1715 613 1774; x_wconf 86' lang='lat' dir='ltr'>possunt)</span> <span class='ocrx_word' id='word_1_150' title='bbox 637 1714 745 1771; x_wconf 91' lang='lat' dir='ltr'>quod</span> <span class='ocrx_word' id='word_1_151' title='bbox 759 1717 799 1754; x_wconf 91' lang='lat' dir='ltr'>in</span> <span class='ocrx_word' id='word_1_152' title='bbox 815 1712 848 1753; x_wconf 86' lang='lat' dir='ltr'>se</span> <span class='ocrx_word' id='word_1_153' title='bbox 861 1727 944 1752; x_wconf 91' lang='lat' dir='ltr'>non</span> <span class='ocrx_word' id='word_1_154' title='bbox 963 1707 1016 1751; x_wconf 90' lang='lat' dir='ltr'>es-</span> 
     </span>
     <span class='ocr_line' id='line_1_28' title="bbox 216 1770 1013 1833; baseline -0.013 -14"><span class='ocrx_word' id='word_1_155' title='bbox 216 1778 289 1824; x_wconf 64' lang='lat' dir='ltr'>set,</span> <span class='ocrx_word' id='word_1_156' title='bbox 329 1792 377 1818; x_wconf 93' lang='lat' dir='ltr'>eo</span> <span class='ocrx_word' id='word_1_157' title='bbox 399 1775 478 1833; x_wconf 90' lang='lat' dir='ltr'>ipso</span> <span class='ocrx_word' id='word_1_158' title='bbox 491 1777 628 1816; x_wconf 85' lang='lat' dir='ltr'>DEUS</span> <span class='ocrx_word' id='word_1_159' title='bbox 652 1776 878 1814; x_wconf 88' lang='lat' dir='ltr'>mentiretur</span> <span class='ocrx_word' id='word_1_160' title='bbox 907 1770 1013 1810; x_wconf 82' lang='lat' dir='ltr'>:hoc</span> 
     </span>
     <span class='ocr_line' id='line_1_29' title="bbox 218 1832 1011 1887; baseline -0.01 -10"><span class='ocrx_word' id='word_1_161' title='bbox 218 1850 346 1877; x_wconf 88' lang='lat' dir='ltr'>autem</span> <span class='ocrx_word' id='word_1_162' title='bbox 360 1836 408 1876; x_wconf 88' lang='lat' dir='ltr'>de</span> <span class='ocrx_word' id='word_1_163' title='bbox 424 1836 540 1876; x_wconf 90' lang='lat' dir='ltr'>DEO</span> <span class='ocrx_word' id='word_1_164' title='bbox 551 1833 629 1874; x_wconf 92' lang='lat' dir='ltr'>dici</span> <span class='ocrx_word' id='word_1_165' title='bbox 649 1835 796 1887; x_wconf 83' lang='lat' dir='ltr'>nequit,</span> <span class='ocrx_word' id='word_1_166' title='bbox 828 1832 929 1886; x_wconf 84' lang='lat' dir='ltr'>Ergo</span> <span class='ocrx_word' id='word_1_167' title='bbox 939 1835 1011 1870; x_wconf 69' lang='lat' dir='ltr'>&amp;o</span> 
     </span>
     <span class='ocr_line' id='line_1_30' title="bbox 220 1886 997 1950; baseline -0.013 -14"><span class='ocrx_word' id='word_1_168' title='bbox 220 1897 308 1950; x_wconf 84' lang='lat' dir='ltr'>maj.</span> <span class='ocrx_word' id='word_1_169' title='bbox 322 1893 493 1935; x_wconf 81' lang='lat' dir='ltr'>constat:</span> <span class='ocrx_word' id='word_1_170' title='bbox 524 1890 737 1948; x_wconf 48' lang='lat' dir='ltr'>{irrepet-122,</span> <span class='ocrx_word' id='word_1_171' title='bbox 769 1889 842 1931; x_wconf 87' lang='lat' dir='ltr'>five</span> <span class='ocrx_word' id='word_1_172' title='bbox 854 1903 921 1945; x_wconf 90' lang='lat' dir='ltr'>per</span> <span class='ocrx_word' id='word_1_173' title='bbox 948 1886 997 1927; x_wconf 89' lang='lat' dir='ltr'>ali</span> 
     </span>
     <span class='ocr_line' id='line_1_31' title="bbox 222 1947 1019 2004; baseline -0.013 -10"><span class='ocrx_word' id='word_1_174' title='bbox 222 1969 300 1999; x_wconf 90' lang='lat' dir='ltr'>um,</span> <span class='ocrx_word' id='word_1_175' title='bbox 324 1952 456 1993; x_wconf 80' lang='lat' dir='ltr'>fallum</span> <span class='ocrx_word' id='word_1_176' title='bbox 475 1950 601 1992; x_wconf 87' lang='lat' dir='ltr'>testari</span> <span class='ocrx_word' id='word_1_177' title='bbox 620 1979 630 1995; x_wconf 91' lang='lat'><em>‚</em></span> <span class='ocrx_word' id='word_1_178' title='bbox 662 1949 715 1990; x_wconf 93' lang='lat' dir='ltr'>est</span> <span class='ocrx_word' id='word_1_179' title='bbox 733 1947 885 2004; x_wconf 75' lang='lat' dir='ltr'>proprie</span> <span class='ocrx_word' id='word_1_180' title='bbox 907 1961 1019 1986; x_wconf 83' lang='lat' dir='ltr'>men-</span> 
     </span>
     <span class='ocr_line' id='line_1_32' title="bbox 224 2006 1019 2065; baseline -0.01 -13"><span class='ocrx_word' id='word_1_181' title='bbox 224 2016 294 2053; x_wconf 91' lang='lat' dir='ltr'>tiri.</span> <span class='ocrx_word' id='word_1_182' title='bbox 360 2013 531 2065; x_wconf 82' lang='lat' dir='ltr'>Atquiin</span> <span class='ocrx_word' id='word_1_183' title='bbox 547 2010 638 2048; x_wconf 87' lang='lat' dir='ltr'>dato</span> <span class='ocrx_word' id='word_1_184' title='bbox 659 2006 743 2048; x_wconf 88' lang='lat' dir='ltr'>casu</span> <span class='ocrx_word' id='word_1_185' title='bbox 771 2008 920 2050; x_wconf 85' lang='lat' dir='ltr'>DEUS,</span> <span class='ocrx_word' id='word_1_186' title='bbox 953 2020 1019 2061; x_wconf 87' lang='lat' dir='ltr'>per</span> 
     </span>
     <span class='ocr_line' id='line_1_33' title="bbox 225 2063 1020 2121; baseline -0.011 -10"><span class='ocrx_word' id='word_1_187' title='bbox 225 2068 454 2110; x_wconf 78' lang='lat' dir='ltr'>miraculum</span> <span class='ocrx_word' id='word_1_188' title='bbox 470 2097 480 2113; x_wconf 92' lang='lat'>,</span> <span class='ocrx_word' id='word_1_189' title='bbox 504 2066 647 2121; x_wconf 89' lang='lat' dir='ltr'>aliquid</span> <span class='ocrx_word' id='word_1_190' title='bbox 660 2064 794 2105; x_wconf 88' lang='lat' dir='ltr'>falsum</span> <span class='ocrx_word' id='word_1_191' title='bbox 815 2063 1020 2104; x_wconf 85' lang='lat' dir='ltr'>testaretur.</span> 
     </span>
     <span class='ocr_line' id='line_1_34' title="bbox 226 2121 1022 2186; baseline -0.01 -16"><span class='ocrx_word' id='word_1_192' title='bbox 226 2130 328 2186; x_wconf 83' lang='lat' dir='ltr'>Ergo</span> <span class='ocrx_word' id='word_1_193' title='bbox 344 2135 418 2170; x_wconf 83' lang='lat' dir='ltr'>&amp;c.</span> <span class='ocrx_word' id='word_1_194' title='bbox 432 2129 528 2166; x_wconf 85' lang='lat' dir='ltr'>min.</span> <span class='ocrx_word' id='word_1_195' title='bbox 561 2138 664 2181; x_wconf 90' lang='lat' dir='ltr'>patet</span> <span class='ocrx_word' id='word_1_196' title='bbox 675 2139 722 2164; x_wconf 84' lang='lat' dir='ltr'>ex</span> <span class='ocrx_word' id='word_1_197' title='bbox 735 2125 868 2178; x_wconf 89' lang='lat' dir='ltr'>Script.</span> <span class='ocrx_word' id='word_1_198' title='bbox 889 2121 1022 2162; x_wconf 83' lang='lat' dir='ltr'>Haebr.</span> 
     </span>
     <span class='ocr_line' id='line_1_35' title="bbox 228 2183 1021 2244; baseline -0.011 -16"><span class='ocrx_word' id='word_1_199' title='bbox 228 2204 260 2228; x_wconf 88' lang='lat' dir='ltr'>c.</span> <span class='ocrx_word' id='word_1_200' title='bbox 275 2203 306 2239; x_wconf 87' lang='lat'>9.</span> <span class='ocrx_word' id='word_1_201' title='bbox 321 2183 684 2244; x_wconf 78' lang='lat' dir='ltr'>Impoffibzleestmentz&#39;ri</span> <span class='ocrx_word' id='word_1_202' title='bbox 700 2183 866 2225; x_wconf 69' lang='lat' dir='ltr'><em>DEHM.</em></span> <span class='ocrx_word' id='word_1_203' title='bbox 895 2183 1021 2221; x_wconf 86' lang='lat' dir='ltr'>Dein-</span> 
     </span>
     <span class='ocr_line' id='line_1_36' title="bbox 228 2238 1022 2296; baseline -0.009 -10"><span class='ocrx_word' id='word_1_204' title='bbox 228 2247 278 2286; x_wconf 87' lang='lat' dir='ltr'>de</span> <span class='ocrx_word' id='word_1_205' title='bbox 295 2261 341 2286; x_wconf 83' lang='lat' dir='ltr'>ex</span> <span class='ocrx_word' id='word_1_206' title='bbox 354 2248 523 2284; x_wconf 87' lang='lat' dir='ltr'>ratione:</span> <span class='ocrx_word' id='word_1_207' title='bbox 556 2243 693 2282; x_wconf 86' lang='lat' dir='ltr'><strong>DEUS</strong></span> <span class='ocrx_word' id='word_1_208' title='bbox 723 2255 806 2280; x_wconf 90' lang='lat' dir='ltr'>non</span> <span class='ocrx_word' id='word_1_209' title='bbox 830 2239 883 2280; x_wconf 87' lang='lat' dir='ltr'>est</span> <span class='ocrx_word' id='word_1_210' title='bbox 900 2238 1022 2296; x_wconf 87' lang='lat' dir='ltr'>magis</span> 
     </span>
     <span class='ocr_line' id='line_1_37' title="bbox 228 2297 1024 2361; baseline -0.011 -16"><span class='ocrx_word' id='word_1_211' title='bbox 228 2308 398 2361; x_wconf 89' lang='lat' dir='ltr'>primum</span> <span class='ocrx_word' id='word_1_212' title='bbox 417 2302 586 2345; x_wconf 89' lang='lat' dir='ltr'>bonum,</span> <span class='ocrx_word' id='word_1_213' title='bbox 629 2297 747 2354; x_wconf 70' lang='lat' dir='ltr'>quam</span> <span class='ocrx_word' id='word_1_214' title='bbox 777 2299 945 2354; x_wconf 90' lang='lat' dir='ltr'>primum</span> <span class='ocrx_word' id='word_1_215' title='bbox 959 2314 1024 2340; x_wconf 86' lang='lat' dir='ltr'>ve-</span> 
     </span>
     <span class='ocr_line' id='line_1_38' title="bbox 231 2356 1025 2416; baseline -0.009 -11"><span class='ocrx_word' id='word_1_216' title='bbox 231 2379 338 2404; x_wconf 89' lang='lat' dir='ltr'>rum:</span> <span class='ocrx_word' id='word_1_217' title='bbox 369 2361 431 2401; x_wconf 84' lang='lat' dir='ltr'>sed</span> <span class='ocrx_word' id='word_1_218' title='bbox 454 2375 521 2416; x_wconf 91' lang='lat' dir='ltr'>per</span> <span class='ocrx_word' id='word_1_219' title='bbox 534 2359 611 2399; x_wconf 91' lang='lat' dir='ltr'>hoc</span> <span class='ocrx_word' id='word_1_220' title='bbox 628 2385 638 2402; x_wconf 67' lang='lat'><strong><em>³</em></strong></span> <span class='ocrx_word' id='word_1_221' title='bbox 668 2356 776 2412; x_wconf 75' lang='lat' dir='ltr'>quod</span> <span class='ocrx_word' id='word_1_222' title='bbox 795 2356 837 2396; x_wconf 89' lang='lat' dir='ltr'>fit</span> <span class='ocrx_word' id='word_1_223' title='bbox 857 2359 1025 2412; x_wconf 90' lang='lat' dir='ltr'>primum</span> 
     </span>
     <span class='ocr_line' id='line_1_39' title="bbox 231 2414 1022 2474; baseline -0.009 -11"><span class='ocrx_word' id='word_1_224' title='bbox 231 2422 382 2463; x_wconf 90' lang='lat' dir='ltr'>bonum</span> <span class='ocrx_word' id='word_1_225' title='bbox 402 2449 412 2466; x_wconf 96' lang='lat'>,</span> <span class='ocrx_word' id='word_1_226' title='bbox 453 2430 640 2474; x_wconf 80' lang='lat' dir='ltr'>repugnat</span> <span class='ocrx_word' id='word_1_227' title='bbox 661 2420 696 2457; x_wconf 88' lang='lat' dir='ltr'>ei</span> <span class='ocrx_word' id='word_1_228' title='bbox 716 2430 836 2456; x_wconf 88' lang='lat' dir='ltr'>omne</span> <span class='ocrx_word' id='word_1_229' title='bbox 852 2414 1022 2456; x_wconf 84' lang='lat' dir='ltr'>malum:</span> 
     </span>
     <span class='ocr_line' id='line_1_40' title="bbox 230 2473 1025 2536; baseline -0.014 -14"><span class='ocrx_word' id='word_1_230' title='bbox 230 2483 335 2536; x_wconf 79' lang='lat' dir='ltr'>Ergo</span> <span class='ocrx_word' id='word_1_231' title='bbox 348 2482 465 2520; x_wconf 90' lang='lat' dir='ltr'>etiam</span> <span class='ocrx_word' id='word_1_232' title='bbox 479 2492 545 2533; x_wconf 90' lang='lat' dir='ltr'>per</span> <span class='ocrx_word' id='word_1_233' title='bbox 557 2475 634 2516; x_wconf 82' lang='lat' dir='ltr'>hoc</span> <span class='ocrx_word' id='word_1_234' title='bbox 648 2505 658 2521; x_wconf 88' lang='lat'>,</span> <span class='ocrx_word' id='word_1_235' title='bbox 680 2473 843 2529; x_wconf 53' lang='lat' dir='ltr'>quod‘fit</span> <span class='ocrx_word' id='word_1_236' title='bbox 856 2477 1025 2529; x_wconf 89' lang='lat' dir='ltr'>primum</span> 
     </span>
     <span class='ocr_line' id='line_1_41' title="bbox 230 2530 948 2593; baseline -0.014 -12"><span class='ocrx_word' id='word_1_237' title='bbox 230 2553 377 2584; x_wconf 84' lang='lat' dir='ltr'>verum,</span> <span class='ocrx_word' id='word_1_238' title='bbox 388 2533 616 2593; x_wconf 81' lang='lat' dir='ltr'>repugnabit</span> <span class='ocrx_word' id='word_1_239' title='bbox 624 2537 658 2574; x_wconf 89' lang='lat' dir='ltr'>ei</span> <span class='ocrx_word' id='word_1_240' title='bbox 669 2547 788 2574; x_wconf 89' lang='lat' dir='ltr'>omne</span> <span class='ocrx_word' id='word_1_241' title='bbox 800 2530 948 2579; x_wconf 71' lang='lat' dir='ltr'>salium,</span> 
     </span>
    </p>
   </div>
   <div class='ocr_carea' id='block_1_6' title="bbox 431 2618 822 2691">
    <p class='ocr_par' dir='ltr' id='par_1_6' title="bbox 431 2618 822 2691">
     <span class='ocr_line' id='line_1_42' title="bbox 431 2618 822 2691; baseline -0.018 -16"><span class='ocrx_word' id='word_1_242' title='bbox 431 2632 470 2682; x_wconf 65' lang='grc' dir='ltr'>ἕ,</span> <span class='ocrx_word' id='word_1_243' title='bbox 492 2635 546 2691; x_wconf 88' lang='grc'>4.</span> <span class='ocrx_word' id='word_1_244' title='bbox 589 2618 822 2691; x_wconf 50' lang='lat' dir='ltr'>Historia.</span> 
     </span>
    </p>
   </div>
   <div class='ocr_carea' id='block_1_7' title="bbox 233 2712 1029 2847">
    <p class='ocr_par' dir='ltr' id='par_1_7' title="bbox 233 2712 1029 2847">
     <span class='ocr_line' id='line_1_43' title="bbox 233 2712 1029 2778; baseline -0.024 -5"><span class='ocrx_word' id='word_1_245' title='bbox 233 2725 518 2778; x_wconf 82' lang='lat' dir='ltr'>DesIDerata</span> <span class='ocrx_word' id='word_1_246' title='bbox 558 2715 824 2764; x_wconf 81' lang='lat' dir='ltr'>PontIfICIs</span> <span class='ocrx_word' id='word_1_247' title='bbox 868 2712 1029 2758; x_wconf 84' lang='lat' dir='ltr'>aVDL</span> 
     </span>
     <span class='ocr_line' id='line_1_44' title="bbox 302 2786 960 2847; baseline -0.018 -7"><span class='ocrx_word' id='word_1_248' title='bbox 302 2792 430 2840; x_wconf 87' lang='lat' dir='ltr'>entIa</span> <span class='ocrx_word' id='word_1_249' title='bbox 444 2824 458 2847; x_wconf 90' lang='lat'>,</span> <span class='ocrx_word' id='word_1_250' title='bbox 494 2797 541 2836; x_wconf 68' lang='grc' dir='ltr'>ὃ(</span> <span class='ocrx_word' id='word_1_251' title='bbox 555 2791 739 2835; x_wconf 83' lang='lat' dir='ltr'>LItterae</span> <span class='ocrx_word' id='word_1_252' title='bbox 750 2786 960 2847; x_wconf 84' lang='lat' dir='ltr'>perLatae.</span> 
     </span>
    </p>
   </div>
   <div class='ocr_carea' id='block_1_8' title="bbox 235 2867 1036 3214">
    <p class='ocr_par' dir='ltr' id='par_1_8' title="bbox 360 2867 1032 2916">
     <span class='ocr_line' id='line_1_45' title="bbox 360 2867 1032 2916; baseline -0.016 0"><span class='ocrx_word' id='word_1_253' title='bbox 360 2873 448 2916; x_wconf 81' lang='lat' dir='ltr'>Iffus</span> <span class='ocrx_word' id='word_1_254' title='bbox 479 2873 502 2914; x_wconf 73' lang='lat' dir='ltr'>a</span> <span class='ocrx_word' id='word_1_255' title='bbox 523 2877 685 2915; x_wconf 88' lang='lat' dir='ltr'>Summo</span> <span class='ocrx_word' id='word_1_256' title='bbox 713 2867 903 2911; x_wconf 83' lang='lat' dir='ltr'>Pontifice</span> <span class='ocrx_word' id='word_1_257' title='bbox 925 2869 1032 2908; x_wconf 86' lang='lat' dir='ltr'>Sixto</span> 
     </span>
    </p>

    <p class='ocr_par' dir='ltr' id='par_1_9' title="bbox 235 2927 1036 3214">
     <span class='ocr_line' id='line_1_46' title="bbox 381 2927 1032 2986; baseline -0.015 -12"><span class='ocrx_word' id='word_1_258' title='bbox 381 2935 446 2975; x_wconf 89' lang='lat' dir='ltr'>IV.</span> <span class='ocrx_word' id='word_1_259' title='bbox 461 2931 509 2972; x_wconf 89' lang='lat' dir='ltr'>ad</span> <span class='ocrx_word' id='word_1_260' title='bbox 522 2934 673 2986; x_wconf 83' lang='lat' dir='ltr'>Regem</span> <span class='ocrx_word' id='word_1_261' title='bbox 681 2927 966 2984; x_wconf 83' lang='lat' dir='ltr'>Hispaniarum,</span> <span class='ocrx_word' id='word_1_262' title='bbox 991 2928 1032 2964; x_wconf 87' lang='lat' dir='ltr'>in</span> 
     </span>
     <span class='ocr_line' id='line_1_47' title="bbox 235 2983 1034 3052; baseline -0.016 -17"><span class='ocrx_word' id='word_1_263' title='bbox 235 2991 412 3052; x_wconf 79' lang='lat' dir='ltr'>gravibus</span> <span class='ocrx_word' id='word_1_264' title='bbox 424 2990 600 3045; x_wconf 84' lang='lat' dir='ltr'>negotijs,</span> <span class='ocrx_word' id='word_1_265' title='bbox 614 2984 842 3028; x_wconf 85' lang='lat' dir='ltr'>venerabilis</span> <span class='ocrx_word' id='word_1_266' title='bbox 852 2999 899 3024; x_wconf 82' lang='lat' dir='ltr'>ex</span> <span class='ocrx_word' id='word_1_267' title='bbox 915 2983 1034 3024; x_wconf 61' lang='lat' dir='ltr'>ordi.»</span> 
     </span>
     <span class='ocr_line' id='line_1_48' title="bbox 242 3041 1033 3094; baseline -0.015 -1"><span class='ocrx_word' id='word_1_268' title='bbox 242 3068 292 3094; x_wconf 87' lang='lat' dir='ltr'>ne</span> <span class='ocrx_word' id='word_1_269' title='bbox 304 3054 337 3093; x_wconf 89' lang='lat' dir='ltr'>S.</span> <span class='ocrx_word' id='word_1_270' title='bbox 351 3046 537 3091; x_wconf 83' lang='lat' dir='ltr'>Francisci</span> <span class='ocrx_word' id='word_1_271' title='bbox 552 3048 660 3086; x_wconf 87' lang='lat' dir='ltr'>Pater</span> <span class='ocrx_word' id='word_1_272' title='bbox 681 3073 692 3090; x_wconf 90' lang='lat'>,</span> <span class='ocrx_word' id='word_1_273' title='bbox 731 3046 772 3087; x_wconf 83' lang='lat' dir='ltr'>F.</span> <span class='ocrx_word' id='word_1_274' title='bbox 781 3041 1033 3083; x_wconf 87' lang='lat' dir='ltr'>Bernardinus</span> 
     </span>
     <span class='ocr_line' id='line_1_49' title="bbox 245 3100 1036 3164; baseline -0.019 -12"><span class='ocrx_word' id='word_1_275' title='bbox 245 3111 295 3152; x_wconf 84' lang='lat' dir='ltr'>de</span> <span class='ocrx_word' id='word_1_276' title='bbox 309 3102 650 3164; x_wconf 61' lang='lat' dir='ltr'>Caymis,absoluta“1</span> <span class='ocrx_word' id='word_1_277' title='bbox 665 3103 742 3155; x_wconf 90' lang='lat' dir='ltr'>jam</span> <span class='ocrx_word' id='word_1_278' title='bbox 754 3100 916 3140; x_wconf 72' lang='lat' dir='ltr'>feliciter</span> <span class='ocrx_word' id='word_1_279' title='bbox 927 3114 1036 3139; x_wconf 90' lang='lat' dir='ltr'>com-</span> 
     </span>
     <span class='ocr_line' id='line_1_50' title="bbox 247 3156 1036 3214; baseline -0.019 -4"><span class='ocrx_word' id='word_1_280' title='bbox 247 3167 433 3214; x_wconf 77' lang='lat' dir='ltr'>mistione,</span> <span class='ocrx_word' id='word_1_281' title='bbox 474 3167 648 3206; x_wconf 81' lang='lat' dir='ltr'>Romam</span> <span class='ocrx_word' id='word_1_282' title='bbox 680 3158 810 3200; x_wconf 84' lang='lat' dir='ltr'>multis</span> <span class='ocrx_word' id='word_1_283' title='bbox 825 3171 914 3200; x_wconf 85' lang='lat' dir='ltr'>cum</span> <span class='ocrx_word' id='word_1_284' title='bbox 938 3156 1019 3197; x_wconf 86' lang='lat' dir='ltr'>litte</span> <span class='ocrx_word' id='word_1_285' title='bbox 1033 3184 1036 3186; x_wconf 63' lang='grc'><em>»</em></span> 
     </span>
    </p>
   </div>
   <div class='ocr_carea' id='block_1_9' title="bbox 1735 126 1786 189">
    <p class='ocr_par' dir='ltr' id='par_1_10' title="bbox 1735 126 1786 189">
     <span class='ocr_line' id='line_1_51' title="bbox 1735 126 1786 189; baseline -0.02 -16"><span class='ocrx_word' id='word_1_286' title='bbox 1735 126 1786 189; x_wconf 78' lang='lat'>31</span> 
     </span>
    </p>
   </div>
   <div class='ocr_carea' id='block_1_10' title="bbox 1027 206 1882 3252">
    <p class='ocr_par' dir='ltr' id='par_1_11' title="bbox 1027 206 1882 3252">
     <span class='ocr_line' id='line_1_52' title="bbox 1027 206 1834 260; baseline -0.002 -7"><span class='ocrx_word' id='word_1_287' title='bbox 1027 217 1094 260; x_wconf 86' lang='lat' dir='ltr'>ris,</span> <span class='ocrx_word' id='word_1_288' title='bbox 1145 212 1194 252; x_wconf 87' lang='lat' dir='ltr'>ad</span> <span class='ocrx_word' id='word_1_289' title='bbox 1216 206 1610 252; x_wconf 72' lang='lat' dir='ltr'>Pontifice‘m’redir&#39;e</span> <span class='ocrx_word' id='word_1_290' title='bbox 1631 209 1834 256; x_wconf 69' lang='lat' dir='ltr'>statuerat,</span> 
     </span>
     <span class='ocr_line' id='line_1_53' title="bbox 1030 268 1838 326; baseline -0.004 -14"><span class='ocrx_word' id='word_1_291' title='bbox 1030 275 1122 312; x_wconf 81' lang='lat' dir='ltr'>cum</span> <span class='ocrx_word' id='word_1_292' title='bbox 1134 275 1244 311; x_wconf 87' lang='lat' dir='ltr'>ecce!</span> <span class='ocrx_word' id='word_1_293' title='bbox 1268 273 1488 326; x_wconf 88' lang='lat' dir='ltr'>inopinatus</span> <span class='ocrx_word' id='word_1_294' title='bbox 1512 268 1633 326; x_wconf 89' lang='lat' dir='ltr'>ipsum</span> <span class='ocrx_word' id='word_1_295' title='bbox 1659 268 1838 310; x_wconf 80' lang='lat' dir='ltr'>casusve-</span> 
     </span>
     <span class='ocr_line' id='line_1_54' title="bbox 1033 327 1839 371; baseline -0.004 -1"><span class='ocrx_word' id='word_1_296' title='bbox 1033 331 1238 371; x_wconf 84' lang='lat' dir='ltr'>hementer</span> <span class='ocrx_word' id='word_1_297' title='bbox 1263 327 1417 369; x_wconf 85' lang='lat' dir='ltr'>afflixit:</span> <span class='ocrx_word' id='word_1_298' title='bbox 1443 327 1627 369; x_wconf 86' lang='lat' dir='ltr'>Habebat</span> <span class='ocrx_word' id='word_1_299' title='bbox 1652 330 1839 369; x_wconf 80' lang='lat' dir='ltr'>nimirum</span> 
     </span>
     <span class='ocr_line' id='line_1_55' title="bbox 1036 386 1842 434; baseline -0.005 -5"><span class='ocrx_word' id='word_1_300' title='bbox 1036 403 1198 434; x_wconf 88' lang='lat' dir='ltr'>certum,</span> <span class='ocrx_word' id='word_1_301' title='bbox 1218 403 1265 428; x_wconf 85' lang='lat' dir='ltr'>ex</span> <span class='ocrx_word' id='word_1_302' title='bbox 1276 386 1340 427; x_wconf 89' lang='lat' dir='ltr'>suo</span> <span class='ocrx_word' id='word_1_303' title='bbox 1360 387 1536 433; x_wconf 88' lang='lat' dir='ltr'>Ordine,</span> <span class='ocrx_word' id='word_1_304' title='bbox 1564 390 1708 427; x_wconf 84' lang='lat' dir='ltr'>itineris</span> <span class='ocrx_word' id='word_1_305' title='bbox 1718 388 1842 426; x_wconf 54' lang='lat' dir='ltr'>comis</span> 
     </span>
     <span class='ocr_line' id='line_1_56' title="bbox 1040 444 1841 501; baseline -0.005 -13"><span class='ocrx_word' id='word_1_306' title='bbox 1040 462 1121 488; x_wconf 87' lang='lat' dir='ltr'>tem</span> <span class='ocrx_word' id='word_1_307' title='bbox 1134 476 1143 492; x_wconf 90' lang='lat'>‚</span> <span class='ocrx_word' id='word_1_308' title='bbox 1160 450 1222 486; x_wconf 90' lang='lat' dir='ltr'>cui</span> <span class='ocrx_word' id='word_1_309' title='bbox 1238 448 1484 501; x_wconf 85' lang='lat' dir='ltr'>Superiorum</span> <span class='ocrx_word' id='word_1_310' title='bbox 1498 444 1591 499; x_wconf 85' lang='lat' dir='ltr'>juffu</span> <span class='ocrx_word' id='word_1_311' title='bbox 1607 445 1656 486; x_wconf 90' lang='lat' dir='ltr'>ad</span> <span class='ocrx_word' id='word_1_312' title='bbox 1676 447 1841 485; x_wconf 88' lang='lat' dir='ltr'>Terram</span> 
     </span>
     <span class='ocr_line' id='line_1_57' title="bbox 1043 502 1842 560; baseline -0.005 -14"><span class='ocrx_word' id='word_1_313' title='bbox 1043 508 1222 547; x_wconf 59' lang='lat' dir='ltr'>Sanctam</span> <span class='ocrx_word' id='word_1_314' title='bbox 1261 503 1583 560; x_wconf 85' lang='lat' dir='ltr'>proficiscendum</span> <span class='ocrx_word' id='word_1_315' title='bbox 1620 517 1702 544; x_wconf 89' lang='lat' dir='ltr'>erat</span> <span class='ocrx_word' id='word_1_316' title='bbox 1725 521 1734 544; x_wconf 89' lang='lat'>:</span> <span class='ocrx_word' id='word_1_317' title='bbox 1776 502 1842 542; x_wconf 83' lang='lat' dir='ltr'>hic</span> 
     </span>
     <span class='ocr_line' id='line_1_58' title="bbox 1043 562 1844 618; baseline -0.005 -14"><span class='ocrx_word' id='word_1_318' title='bbox 1043 579 1180 605; x_wconf 82' lang='lat' dir='ltr'>omnes</span> <span class='ocrx_word' id='word_1_319' title='bbox 1190 562 1332 603; x_wconf 83' lang='lat' dir='ltr'>litteras</span> <span class='ocrx_word' id='word_1_320' title='bbox 1353 591 1364 608; x_wconf 83' lang='lat'>,</span> <span class='ocrx_word' id='word_1_321' title='bbox 1390 577 1482 617; x_wconf 83' lang='lat' dir='ltr'>quas</span> <span class='ocrx_word' id='word_1_322' title='bbox 1507 565 1605 613; x_wconf 88' lang='lat' dir='ltr'>inter</span> <span class='ocrx_word' id='word_1_323' title='bbox 1627 564 1761 618; x_wconf 85' lang='lat' dir='ltr'>Regiae</span> <span class='ocrx_word' id='word_1_324' title='bbox 1773 564 1844 601; x_wconf 85' lang='lat' dir='ltr'>eti-</span> 
     </span>
     <span class='ocr_line' id='line_1_59' title="bbox 1045 619 1846 666; baseline -0.005 -3"><span class='ocrx_word' id='word_1_325' title='bbox 1045 638 1109 664; x_wconf 86' lang='lat' dir='ltr'>am</span> <span class='ocrx_word' id='word_1_326' title='bbox 1124 622 1173 662; x_wconf 90' lang='lat' dir='ltr'>ad</span> <span class='ocrx_word' id='word_1_327' title='bbox 1184 621 1417 662; x_wconf 87' lang='lat' dir='ltr'>Pontificem</span> <span class='ocrx_word' id='word_1_328' title='bbox 1434 620 1734 662; x_wconf 87' lang='lat' dir='ltr'>numerabantur</span> <span class='ocrx_word' id='word_1_329' title='bbox 1746 649 1756 666; x_wconf 94' lang='lat'>‚</span> <span class='ocrx_word' id='word_1_330' title='bbox 1778 619 1846 659; x_wconf 77' lang='lat' dir='ltr'>ha-¹</span> 
     </span>
     <span class='ocr_line' id='line_1_60' title="bbox 1046 678 1846 725; baseline -0.004 -4"><span class='ocrx_word' id='word_1_331' title='bbox 1046 683 1177 722; x_wconf 69' lang='lat' dir='ltr'>&amp;enus</span> <span class='ocrx_word' id='word_1_332' title='bbox 1193 683 1234 720; x_wconf 89' lang='lat' dir='ltr'>in</span> <span class='ocrx_word' id='word_1_333' title='bbox 1244 679 1417 720; x_wconf 73' lang='lat' dir='ltr'>custodia</span> <span class='ocrx_word' id='word_1_334' title='bbox 1429 678 1625 725; x_wconf 85' lang='lat' dir='ltr'>habuerat,</span> <span class='ocrx_word' id='word_1_335' title='bbox 1647 678 1723 725; x_wconf 88' lang='lat' dir='ltr'>sed,</span> <span class='ocrx_word' id='word_1_336' title='bbox 1754 681 1846 719; x_wconf 73' lang='lat' dir='ltr'>cuin</span> 
     </span>
     <span class='ocr_line' id='line_1_61' title="bbox 1048 737 1846 797; baseline -0.004 -17"><span class='ocrx_word' id='word_1_337' title='bbox 1048 755 1116 797; x_wconf 89' lang='lat' dir='ltr'>per</span> <span class='ocrx_word' id='word_1_338' title='bbox 1131 738 1244 779; x_wconf 87' lang='lat' dir='ltr'>aliam</span> <span class='ocrx_word' id='word_1_339' title='bbox 1261 737 1336 794; x_wconf 67' lang='lat' dir='ltr'>ipse</span> <span class='ocrx_word' id='word_1_340' title='bbox 1352 741 1455 780; x_wconf 89' lang='lat' dir='ltr'>viam</span> <span class='ocrx_word' id='word_1_341' title='bbox 1473 742 1542 778; x_wconf 91' lang='lat' dir='ltr'>iter</span> <span class='ocrx_word' id='word_1_342' title='bbox 1553 737 1814 794; x_wconf 86' lang='lat' dir='ltr'>prosecuturus</span> <span class='ocrx_word' id='word_1_343' title='bbox 1835 765 1846 783; x_wconf 89' lang='lat'>‚</span> 
     </span>
     <span class='ocr_line' id='line_1_62' title="bbox 1049 795 1848 853; baseline -0.004 -14"><span class='ocrx_word' id='word_1_344' title='bbox 1049 797 1234 852; x_wconf 69' lang='lat' dir='ltr'>areliquis</span> <span class='ocrx_word' id='word_1_345' title='bbox 1245 796 1279 837; x_wconf 88' lang='lat' dir='ltr'>se</span> <span class='ocrx_word' id='word_1_346' title='bbox 1293 796 1459 853; x_wconf 70' lang='lat' dir='ltr'>separare</span> <span class='ocrx_word' id='word_1_347' title='bbox 1474 797 1633 837; x_wconf 88' lang='lat' dir='ltr'>deberet</span> <span class='ocrx_word' id='word_1_348' title='bbox 1645 826 1654 842; x_wconf 88' lang='lat'>‚</span> <span class='ocrx_word' id='word_1_349' title='bbox 1682 795 1824 836; x_wconf 83' lang='lat' dir='ltr'>litteras</span> <span class='ocrx_word' id='word_1_350' title='bbox 1837 821 1848 841; x_wconf 80' lang='lat'>‚</span> 
     </span>
     <span class='ocr_line' id='line_1_63' title="bbox 1050 853 1851 913; baseline -0.006 -14"><span class='ocrx_word' id='word_1_351' title='bbox 1050 873 1135 913; x_wconf 85' lang='lat' dir='ltr'>quae</span> <span class='ocrx_word' id='word_1_352' title='bbox 1147 860 1323 899; x_wconf 87' lang='lat' dir='ltr'>Romam</span> <span class='ocrx_word' id='word_1_353' title='bbox 1350 854 1569 896; x_wconf 68' lang='lat' dir='ltr'>deferendae</span> <span class='ocrx_word' id='word_1_354' title='bbox 1589 869 1717 901; x_wconf 88' lang='lat' dir='ltr'>erant,</span> <span class='ocrx_word' id='word_1_355' title='bbox 1742 853 1851 895; x_wconf 89' lang='lat' dir='ltr'>alteri</span> 
     </span>
     <span class='ocr_line' id='line_1_64' title="bbox 1049 912 1853 972; baseline -0.005 -15"><span class='ocrx_word' id='word_1_356' title='bbox 1049 917 1155 957; x_wconf 90' lang='lat' dir='ltr'>socio</span> <span class='ocrx_word' id='word_1_357' title='bbox 1173 915 1399 972; x_wconf 78' lang='lat' dir='ltr'>consignat,</span> <span class='ocrx_word' id='word_1_358' title='bbox 1430 913 1504 954; x_wconf 83' lang='lat' dir='ltr'>illis</span> <span class='ocrx_word' id='word_1_359' title='bbox 1515 912 1765 956; x_wconf 74' lang='lat' dir='ltr'>solummodo</span> <span class='ocrx_word' id='word_1_360' title='bbox 1786 928 1853 954; x_wconf 86' lang='lat' dir='ltr'>ex-</span> 
     </span>
     <span class='ocr_line' id='line_1_65' title="bbox 1049 972 1854 1032; baseline -0.005 -16"><span class='ocrx_word' id='word_1_361' title='bbox 1049 978 1183 1032; x_wconf 85' lang='lat' dir='ltr'>ceptis,</span> <span class='ocrx_word' id='word_1_362' title='bbox 1196 989 1281 1030; x_wconf 85' lang='lat' dir='ltr'>quae</span> <span class='ocrx_word' id='word_1_363' title='bbox 1294 973 1343 1014; x_wconf 91' lang='lat' dir='ltr'>ad</span> <span class='ocrx_word' id='word_1_364' title='bbox 1359 973 1594 1025; x_wconf 81' lang='lat' dir='ltr'>Pontificem</span> <span class='ocrx_word' id='word_1_365' title='bbox 1616 972 1769 1013; x_wconf 70' lang='lat' dir='ltr'>directae</span> <span class='ocrx_word' id='word_1_366' title='bbox 1783 1001 1792 1018; x_wconf 94' lang='lat'>,</span> <span class='ocrx_word' id='word_1_367' title='bbox 1811 977 1854 1013; x_wconf 85' lang='lat'>&amp;.</span> 
     </span>
     <span class='ocr_line' id='line_1_66' title="bbox 1050 1029 1854 1090; baseline -0.006 -15"><span class='ocrx_word' id='word_1_368' title='bbox 1050 1033 1073 1075; x_wconf 74' lang='lat' dir='ltr'>a</span> <span class='ocrx_word' id='word_1_369' title='bbox 1083 1033 1219 1090; x_wconf 87' lang='lat' dir='ltr'>quibus</span> <span class='ocrx_word' id='word_1_370' title='bbox 1231 1047 1359 1074; x_wconf 88' lang='lat' dir='ltr'>totum</span> <span class='ocrx_word' id='word_1_371' title='bbox 1371 1031 1525 1089; x_wconf 85' lang='lat' dir='ltr'>suscepti</span> <span class='ocrx_word' id='word_1_372' title='bbox 1540 1032 1687 1088; x_wconf 85' lang='lat' dir='ltr'>negotij</span> <span class='ocrx_word' id='word_1_373' title='bbox 1701 1029 1854 1088; x_wconf 83' lang='lat' dir='ltr'>pondus</span> 
     </span>
     <span class='ocr_line' id='line_1_67' title="bbox 1052 1088 1856 1150; baseline -0.007 -16"><span class='ocrx_word' id='word_1_374' title='bbox 1052 1092 1311 1150; x_wconf 85' lang='lat' dir='ltr'>dependebat,</span> <span class='ocrx_word' id='word_1_375' title='bbox 1334 1091 1470 1148; x_wconf 74' lang='lat' dir='ltr'>utpote</span> <span class='ocrx_word' id='word_1_376' title='bbox 1494 1106 1586 1146; x_wconf 84' lang='lat' dir='ltr'>quas</span> <span class='ocrx_word' id='word_1_377' title='bbox 1612 1089 1680 1130; x_wconf 75' lang='lat' dir='ltr'>luis</span> <span class='ocrx_word' id='word_1_378' title='bbox 1694 1088 1778 1130; x_wconf 87' lang='lat' dir='ltr'>casu</span> <span class='ocrx_word' id='word_1_379' title='bbox 1794 1088 1856 1129; x_wconf 47' lang='lat' dir='ltr'>lit-*2</span> 
     </span>
     <span class='ocr_line' id='line_1_68' title="bbox 1054 1147 1856 1207; baseline -0.006 -14"><span class='ocrx_word' id='word_1_380' title='bbox 1054 1155 1142 1194; x_wconf 84' lang='lat' dir='ltr'>teris</span> <span class='ocrx_word' id='word_1_381' title='bbox 1158 1150 1397 1196; x_wconf 80' lang='lat' dir='ltr'>immiscens,</span> <span class='ocrx_word' id='word_1_382' title='bbox 1429 1153 1654 1207; x_wconf 83' lang='lat' dir='ltr'>ignoranter</span> <span class='ocrx_word' id='word_1_383' title='bbox 1672 1147 1801 1189; x_wconf 89' lang='lat' dir='ltr'>secum</span> <span class='ocrx_word' id='word_1_384' title='bbox 1817 1163 1856 1188; x_wconf 88' lang='lat' dir='ltr'>a-</span> 
     </span>
     <span class='ocr_line' id='line_1_69' title="bbox 1056 1206 1857 1268; baseline -0.006 -17"><span class='ocrx_word' id='word_1_385' title='bbox 1056 1209 1260 1268; x_wconf 87' lang='lat' dir='ltr'>sportabat.</span> <span class='ocrx_word' id='word_1_386' title='bbox 1293 1212 1466 1250; x_wconf 87' lang='lat' dir='ltr'>Romam</span> <span class='ocrx_word' id='word_1_387' title='bbox 1481 1211 1638 1248; x_wconf 87' lang='lat' dir='ltr'>interim</span> <span class='ocrx_word' id='word_1_388' title='bbox 1656 1210 1728 1248; x_wconf 90' lang='lat' dir='ltr'>iter</span> <span class='ocrx_word' id='word_1_389' title='bbox 1749 1206 1857 1247; x_wconf 66' lang='lat' dir='ltr'>fisum</span> 
     </span>
     <span class='ocr_line' id='line_1_70' title="bbox 1058 1263 1860 1323; baseline -0.007 -12"><span class='ocrx_word' id='word_1_390' title='bbox 1058 1268 1313 1311; x_wconf 84' lang='lat' dir='ltr'>Bernardinus</span> <span class='ocrx_word' id='word_1_391' title='bbox 1336 1266 1594 1323; x_wconf 87' lang='lat' dir='ltr'>prosequitur,</span> <span class='ocrx_word' id='word_1_392' title='bbox 1633 1263 1800 1320; x_wconf 80' lang='lat' dir='ltr'>cumque</span> <span class='ocrx_word' id='word_1_393' title='bbox 1809 1264 1860 1305; x_wconf 72' lang='lat' dir='ltr'>eo</span> 
     </span>
     <span class='ocr_line' id='line_1_71' title="bbox 1057 1322 1860 1370; baseline -0.006 -2"><span class='ocrx_word' id='word_1_394' title='bbox 1057 1328 1267 1369; x_wconf 82' lang='lat' dir='ltr'>deveniens</span> <span class='ocrx_word' id='word_1_395' title='bbox 1283 1325 1509 1370; x_wconf 87' lang='lat' dir='ltr'>adverteret,</span> <span class='ocrx_word' id='word_1_396' title='bbox 1540 1325 1682 1366; x_wconf 85' lang='lat' dir='ltr'>litteras</span> <span class='ocrx_word' id='word_1_397' title='bbox 1698 1324 1747 1364; x_wconf 87' lang='lat' dir='ltr'>ad</span> <span class='ocrx_word' id='word_1_398' title='bbox 1755 1322 1860 1363; x_wconf 84' lang='lat' dir='ltr'>suam</span> 
     </span>
     <span class='ocr_line' id='line_1_72' title="bbox 1060 1381 1862 1429; baseline -0.007 -2"><span class='ocrx_word' id='word_1_399' title='bbox 1060 1388 1310 1428; x_wconf 70' lang='lat' dir='ltr'>Sanffitatem</span> <span class='ocrx_word' id='word_1_400' title='bbox 1326 1383 1553 1429; x_wconf 85' lang='lat' dir='ltr'>destinatas,</span> <span class='ocrx_word' id='word_1_401' title='bbox 1582 1383 1605 1424; x_wconf 72' lang='lat' dir='ltr'>a</span> <span class='ocrx_word' id='word_1_402' title='bbox 1630 1382 1733 1423; x_wconf 86' lang='lat' dir='ltr'>socio</span> <span class='ocrx_word' id='word_1_403' title='bbox 1755 1381 1862 1422; x_wconf 71' lang='lat' dir='ltr'>fuiss&#39;e:</span> 
     </span>
     <span class='ocr_line' id='line_1_73' title="bbox 1061 1439 1863 1497; baseline -0.006 -13"><span class='ocrx_word' id='word_1_404' title='bbox 1061 1443 1189 1485; x_wconf 90' lang='lat' dir='ltr'>nescio</span> <span class='ocrx_word' id='word_1_405' title='bbox 1216 1441 1295 1497; x_wconf 76' lang='lat' dir='ltr'>quo</span> <span class='ocrx_word' id='word_1_406' title='bbox 1317 1441 1483 1487; x_wconf 85' lang='lat' dir='ltr'>ablatas,</span> <span class='ocrx_word' id='word_1_407' title='bbox 1502 1440 1648 1481; x_wconf 62' lang='lat' dir='ltr'>summa</span> <span class='ocrx_word' id='word_1_408' title='bbox 1660 1441 1700 1480; x_wconf 93' lang='lat' dir='ltr'>id</span> <span class='ocrx_word' id='word_1_409' title='bbox 1712 1439 1863 1480; x_wconf 54' lang='lat' dir='ltr'>tristitia</span> 
     </span>
     <span class='ocr_line' id='line_1_74' title="bbox 1061 1498 1865 1554; baseline -0.006 -11"><span class='ocrx_word' id='word_1_410' title='bbox 1061 1505 1188 1545; x_wconf 91' lang='lat' dir='ltr'>virum</span> <span class='ocrx_word' id='word_1_411' title='bbox 1205 1500 1415 1547; x_wconf 88' lang='lat' dir='ltr'>afficiebat,</span> <span class='ocrx_word' id='word_1_412' title='bbox 1446 1515 1519 1540; x_wconf 87' lang='lat' dir='ltr'>nec</span> <span class='ocrx_word' id='word_1_413' title='bbox 1542 1499 1709 1540; x_wconf 87' lang='lat' dir='ltr'>audebat</span> <span class='ocrx_word' id='word_1_414' title='bbox 1721 1498 1865 1554; x_wconf 82' lang='lat' dir='ltr'>absque</span> 
     </span>
     <span class='ocr_line' id='line_1_75' title="bbox 1063 1560 1868 1616; baseline -0.006 -14"><span class='ocrx_word' id='word_1_415' title='bbox 1063 1563 1107 1616; x_wconf 88' lang='lat' dir='ltr'>ijs</span> <span class='ocrx_word' id='word_1_416' title='bbox 1148 1575 1374 1616; x_wconf 89' lang='lat' dir='ltr'>comparere</span> <span class='ocrx_word' id='word_1_417' title='bbox 1387 1588 1397 1604; x_wconf 83' lang='lat'>,</span> <span class='ocrx_word' id='word_1_418' title='bbox 1429 1561 1644 1599; x_wconf 79' lang='lat' dir='ltr'>maximam</span> <span class='ocrx_word' id='word_1_419' title='bbox 1683 1560 1868 1614; x_wconf 64' lang='lat' dir='ltr'>pertime-&gt;</span> 
     </span>
     <span class='ocr_line' id='line_1_76' title="bbox 1062 1617 1865 1674; baseline -0.005 -14"><span class='ocrx_word' id='word_1_420' title='bbox 1062 1619 1169 1661; x_wconf 88' lang='lat' dir='ltr'>scens</span> <span class='ocrx_word' id='word_1_421' title='bbox 1203 1620 1345 1673; x_wconf 89' lang='lat' dir='ltr'>Vicarij</span> <span class='ocrx_word' id='word_1_422' title='bbox 1372 1617 1517 1660; x_wconf 90' lang='lat' dir='ltr'>Christi</span> <span class='ocrx_word' id='word_1_423' title='bbox 1538 1617 1865 1674; x_wconf 82' lang='lat' dir='ltr'>indignationem.</span> 
     </span>
     <span class='ocr_line' id='line_1_77' title="bbox 1065 1674 1868 1722; baseline -0.007 -2"><span class='ocrx_word' id='word_1_424' title='bbox 1065 1678 1258 1722; x_wconf 61' lang='lat' dir='ltr'>Profectus</span> <span class='ocrx_word' id='word_1_425' title='bbox 1276 1676 1375 1719; x_wconf 73' lang='lat' dir='ltr'>forte</span> <span class='ocrx_word' id='word_1_426' title='bbox 1391 1679 1509 1717; x_wconf 88' lang='lat' dir='ltr'>etiam</span> <span class='ocrx_word' id='word_1_427' title='bbox 1537 1691 1627 1716; x_wconf 90' lang='lat' dir='ltr'>cum</span> <span class='ocrx_word' id='word_1_428' title='bbox 1653 1674 1723 1716; x_wconf 90' lang='lat' dir='ltr'>illo</span> <span class='ocrx_word' id='word_1_429' title='bbox 1745 1674 1868 1715; x_wconf 78' lang='lat' dir='ltr'>filerat</span> 
     </span>
     <span class='ocr_line' id='line_1_78' title="bbox 1065 1734 1866 1791; baseline -0.006 -13"><span class='ocrx_word' id='word_1_430' title='bbox 1065 1736 1321 1779; x_wconf 81' lang='lat' dir='ltr'>Bernardinus</span> <span class='ocrx_word' id='word_1_431' title='bbox 1332 1736 1380 1776; x_wconf 91' lang='lat' dir='ltr'>de</span> <span class='ocrx_word' id='word_1_432' title='bbox 1393 1734 1494 1776; x_wconf 87' lang='lat' dir='ltr'>Busti</span> <span class='ocrx_word' id='word_1_433' title='bbox 1504 1764 1516 1781; x_wconf 89' lang='lat'><em>‚</em></span> <span class='ocrx_word' id='word_1_434' title='bbox 1543 1749 1614 1791; x_wconf 88' lang='lat' dir='ltr'>pro</span> <span class='ocrx_word' id='word_1_435' title='bbox 1626 1734 1866 1775; x_wconf 86' lang='lat' dir='ltr'>confirmati-</span> 
     </span>
     <span class='ocr_line' id='line_1_79' title="bbox 1063 1792 1866 1850; baseline -0.005 -12"><span class='ocrx_word' id='word_1_436' title='bbox 1063 1812 1140 1838; x_wconf 90' lang='lat' dir='ltr'>one</span> <span class='ocrx_word' id='word_1_437' title='bbox 1163 1794 1316 1850; x_wconf 81' lang='lat' dir='ltr'>Officij,</span> <span class='ocrx_word' id='word_1_438' title='bbox 1357 1795 1406 1835; x_wconf 90' lang='lat' dir='ltr'>de</span> <span class='ocrx_word' id='word_1_439' title='bbox 1418 1792 1666 1834; x_wconf 64' lang='lat' dir='ltr'>immaculata</span> <span class='ocrx_word' id='word_1_440' title='bbox 1685 1795 1866 1849; x_wconf 74' lang='lat' dir='ltr'>Deiparae</span> 
     </span>
     <span class='ocr_line' id='line_1_80' title="bbox 1065 1851 1865 1911; baseline -0.008 -14"><span class='ocrx_word' id='word_1_441' title='bbox 1065 1858 1341 1911; x_wconf 85' lang='lat' dir='ltr'>Conceptione</span> <span class='ocrx_word' id='word_1_442' title='bbox 1355 1883 1364 1900; x_wconf 94' lang='lat'>,</span> <span class='ocrx_word' id='word_1_443' title='bbox 1406 1852 1426 1893; x_wconf 74' lang='grc' dir='ltr'>ὲ</span> <span class='ocrx_word' id='word_1_444' title='bbox 1448 1851 1481 1892; x_wconf 87' lang='lat' dir='ltr'>se</span> <span class='ocrx_word' id='word_1_445' title='bbox 1515 1851 1719 1908; x_wconf 83' lang='lat' dir='ltr'>compositi</span> <span class='ocrx_word' id='word_1_446' title='bbox 1741 1855 1865 1907; x_wconf 81' lang='lat' dir='ltr'>impe-</span> 
     </span>
     <span class='ocr_line' id='line_1_81' title="bbox 1069 1910 1864 1967; baseline -0.008 -12"><span class='ocrx_word' id='word_1_447' title='bbox 1069 1914 1204 1955; x_wconf 72' lang='lat' dir='ltr'>tranda</span> <span class='ocrx_word' id='word_1_448' title='bbox 1221 1930 1228 1950; x_wconf 74' lang='grc' dir='ltr'>ε</span> <span class='ocrx_word' id='word_1_449' title='bbox 1261 1913 1326 1953; x_wconf 89' lang='lat' dir='ltr'>hic</span> <span class='ocrx_word' id='word_1_450' title='bbox 1338 1925 1433 1953; x_wconf 89' lang='lat' dir='ltr'>voto</span> <span class='ocrx_word' id='word_1_451' title='bbox 1449 1910 1482 1951; x_wconf 87' lang='lat' dir='ltr'>se</span> <span class='ocrx_word' id='word_1_452' title='bbox 1496 1910 1701 1951; x_wconf 81' lang='lat' dir='ltr'>obstrinxit</span> <span class='ocrx_word' id='word_1_453' title='bbox 1710 1913 1864 1967; x_wconf 84' lang='lat' dir='ltr'>Virgini</span> 
     </span>
     <span class='ocr_line' id='line_1_82' title="bbox 1069 1967 1865 2025; baseline -0.008 -12"><span class='ocrx_word' id='word_1_454' title='bbox 1069 1972 1303 2016; x_wconf 74' lang='lat' dir='ltr'>Beatissimae,</span> <span class='ocrx_word' id='word_1_455' title='bbox 1331 1969 1437 2025; x_wconf 77' lang='lat' dir='ltr'>quod</span> <span class='ocrx_word' id='word_1_456' title='bbox 1450 1970 1474 2010; x_wconf 86' lang='lat' dir='ltr'>si</span> <span class='ocrx_word' id='word_1_457' title='bbox 1490 1968 1821 2009; x_wconf 80' lang='lat' dir='ltr'>desideratamillis</span> <span class='ocrx_word' id='word_1_458' title='bbox 1842 1967 1865 2008; x_wconf 69' lang='lat' dir='ltr'>a</span> 
     </span>
     <span class='ocr_line' id='line_1_83' title="bbox 1070 2026 1866 2072; baseline -0.008 0"><span class='ocrx_word' id='word_1_459' title='bbox 1070 2031 1220 2072; x_wconf 91' lang='lat' dir='ltr'>summo</span> <span class='ocrx_word' id='word_1_460' title='bbox 1249 2029 1438 2070; x_wconf 86' lang='lat' dir='ltr'>Pontifice</span> <span class='ocrx_word' id='word_1_461' title='bbox 1473 2027 1710 2068; x_wconf 82' lang='lat' dir='ltr'>audientiam</span> <span class='ocrx_word' id='word_1_462' title='bbox 1722 2026 1796 2067; x_wconf 69' lang='lat' dir='ltr'>hac</span> <span class='ocrx_word' id='word_1_463' title='bbox 1809 2029 1866 2068; x_wconf 49' lang='lat' dir='ltr'>vis-</span> 
     </span>
     <span class='ocr_line' id='line_1_84' title="bbox 1070 2079 1868 2146; baseline -0.008 -15"><span class='ocrx_word' id='word_1_464' title='bbox 1070 2106 1116 2131; x_wconf 92' lang='lat' dir='ltr'>ce</span> <span class='ocrx_word' id='word_1_465' title='bbox 1142 2102 1362 2146; x_wconf 81' lang='lat' dir='ltr'>procuraret</span> <span class='ocrx_word' id='word_1_466' title='bbox 1379 2117 1390 2134; x_wconf 87' lang='lat'>‚</span> <span class='ocrx_word' id='word_1_467' title='bbox 1409 2084 1629 2142; x_wconf 78' lang='lat' dir='ltr'>litterasque</span> <span class='ocrx_word' id='word_1_468' title='bbox 1651 2079 1868 2142; x_wconf 66' lang='lat' dir='ltr'>deperditas·</span> 
     </span>
     <span class='ocr_line' id='line_1_85' title="bbox 1073 2143 1871 2202; baseline -0.009 -12"><span class='ocrx_word' id='word_1_469' title='bbox 1073 2149 1295 2194; x_wconf 87' lang='lat' dir='ltr'>restitueret,</span> <span class='ocrx_word' id='word_1_470' title='bbox 1319 2161 1392 2188; x_wconf 84' lang='lat' dir='ltr'>tres</span> <span class='ocrx_word' id='word_1_471' title='bbox 1407 2145 1455 2187; x_wconf 89' lang='lat' dir='ltr'>ad</span> <span class='ocrx_word' id='word_1_472' title='bbox 1466 2144 1630 2202; x_wconf 81' lang='lat' dir='ltr'>gloriam</span> <span class='ocrx_word' id='word_1_473' title='bbox 1643 2143 1851 2184; x_wconf 89' lang='lat' dir='ltr'>immacula</span> <span class='ocrx_word' id='word_1_474' title='bbox 1863 2171 1871 2182; x_wconf 84' lang='grc'><strong>.</strong></span> 
     </span>
     <span class='ocr_line' id='line_1_86' title="bbox 1071 2202 1870 2263; baseline -0.01 -13"><span class='ocrx_word' id='word_1_475' title='bbox 1071 2222 1119 2249; x_wconf 75' lang='lat' dir='ltr'>tce</span> <span class='ocrx_word' id='word_1_476' title='bbox 1149 2208 1432 2263; x_wconf 83' lang='lat' dir='ltr'>Conceptionis</span> <span class='ocrx_word' id='word_1_477' title='bbox 1469 2208 1673 2246; x_wconf 81' lang='lat' dir='ltr'>Sermones</span> <span class='ocrx_word' id='word_1_478' title='bbox 1688 2231 1698 2249; x_wconf 93' lang='lat'>,</span> <span class='ocrx_word' id='word_1_479' title='bbox 1719 2202 1870 2243; x_wconf 89' lang='lat' dir='ltr'>summo</span> 
     </span>
     <span class='ocr_line' id='line_1_87' title="bbox 1075 2262 1868 2321; baseline -0.009 -13"><span class='ocrx_word' id='word_1_480' title='bbox 1075 2266 1200 2312; x_wconf 89' lang='lat' dir='ltr'>studio</span> <span class='ocrx_word' id='word_1_481' title='bbox 1213 2296 1222 2312; x_wconf 93' lang='lat'>,</span> <span class='ocrx_word' id='word_1_482' title='bbox 1239 2279 1477 2321; x_wconf 81' lang='lat' dir='ltr'>componere</span> <span class='ocrx_word' id='word_1_483' title='bbox 1498 2262 1624 2304; x_wconf 63' lang='lat' dir='ltr'>velleti</span> <span class='ocrx_word' id='word_1_484' title='bbox 1688 2264 1736 2302; x_wconf 86' lang='lat' dir='ltr'>Et</span> <span class='ocrx_word' id='word_1_485' title='bbox 1756 2265 1868 2302; x_wconf 87' lang='lat' dir='ltr'>ecce!</span> 
     </span>
     <span class='ocr_line' id='line_1_88' title="bbox 1075 2318 1870 2379; baseline -0.008 -14"><span class='ocrx_word' id='word_1_486' title='bbox 1075 2329 1139 2368; x_wconf 80' lang='lat' dir='ltr'>vix</span> <span class='ocrx_word' id='word_1_487' title='bbox 1161 2324 1325 2379; x_wconf 85' lang='lat' dir='ltr'>inaudijt</span> <span class='ocrx_word' id='word_1_488' title='bbox 1345 2321 1536 2365; x_wconf 88' lang='lat' dir='ltr'>Pontifex,</span> <span class='ocrx_word' id='word_1_489' title='bbox 1558 2319 1773 2377; x_wconf 75' lang='lat' dir='ltr'>Religiolos</span> <span class='ocrx_word' id='word_1_490' title='bbox 1785 2318 1870 2360; x_wconf 88' lang='lat' dir='ltr'>hos-</span> 
     </span>
     <span class='ocr_line' id='line_1_89' title="bbox 1076 2373 1870 2425; baseline -0.008 -1"><span class='ocrx_word' id='word_1_491' title='bbox 1076 2383 1121 2425; x_wconf 74' lang='lat' dir='ltr'>ce</span> <span class='ocrx_word' id='word_1_492' title='bbox 1133 2382 1233 2425; x_wconf 87' lang='lat' dir='ltr'>viros</span> <span class='ocrx_word' id='word_1_493' title='bbox 1246 2386 1421 2424; x_wconf 88' lang='lat' dir='ltr'>Romam</span> <span class='ocrx_word' id='word_1_494' title='bbox 1433 2379 1623 2422; x_wconf 69' lang='lat' dir='ltr'>advenisse</span> <span class='ocrx_word' id='word_1_495' title='bbox 1636 2408 1645 2424; x_wconf 92' lang='lat'>,</span> <span class='ocrx_word' id='word_1_496' title='bbox 1665 2373 1870 2419; x_wconf 87' lang='lat' dir='ltr'>confestim</span> 
     </span>
     <span class='ocr_line' id='line_1_90' title="bbox 1076 2435 1871 2491; baseline -0.008 -8"><span class='ocrx_word' id='word_1_497' title='bbox 1076 2443 1297 2487; x_wconf 82' lang='lat' dir='ltr'>advocatos,</span> <span class='ocrx_word' id='word_1_498' title='bbox 1316 2435 1427 2480; x_wconf 70' lang='lat' dir='ltr'>hilari</span> <span class='ocrx_word' id='word_1_499' title='bbox 1442 2436 1566 2481; x_wconf 70' lang='lat' dir='ltr'>vultus</span> <span class='ocrx_word' id='word_1_500' title='bbox 1582 2437 1775 2491; x_wconf 83' lang='lat' dir='ltr'>majestate</span> <span class='ocrx_word' id='word_1_501' title='bbox 1788 2466 1799 2483; x_wconf 93' lang='lat'>,</span> <span class='ocrx_word' id='word_1_502' title='bbox 1830 2443 1871 2478; x_wconf 70' lang='grc' dir='ltr'>δε</span> 
     </span>
     <span class='ocr_line' id='line_1_91' title="bbox 1076 2494 1870 2556; baseline -0.008 -15"><span class='ocrx_word' id='word_1_503' title='bbox 1076 2501 1244 2556; x_wconf 65' lang='lat' dir='ltr'>jucunda</span> <span class='ocrx_word' id='word_1_504' title='bbox 1256 2499 1472 2541; x_wconf 83' lang='lat' dir='ltr'>admodum</span> <span class='ocrx_word' id='word_1_505' title='bbox 1485 2496 1592 2543; x_wconf 86' lang='lat' dir='ltr'>facie,</span> <span class='ocrx_word' id='word_1_506' title='bbox 1606 2495 1763 2553; x_wconf 73' lang='lat' dir='ltr'>paterne</span> <span class='ocrx_word' id='word_1_507' title='bbox 1774 2494 1870 2536; x_wconf 88' lang='lat' dir='ltr'>allo-</span> 
     </span>
     <span class='ocr_line' id='line_1_92' title="bbox 1077 2550 1873 2614; baseline -0.009 -14"><span class='ocrx_word' id='word_1_508' title='bbox 1077 2562 1216 2614; x_wconf 88' lang='lat' dir='ltr'>quitur,</span> <span class='ocrx_word' id='word_1_509' title='bbox 1230 2556 1408 2614; x_wconf 71' lang='lat' dir='ltr'>atque,ne</span> <span class='ocrx_word' id='word_1_510' title='bbox 1420 2557 1468 2597; x_wconf 91' lang='lat' dir='ltr'>de</span> <span class='ocrx_word' id='word_1_511' title='bbox 1480 2550 1614 2597; x_wconf 82' lang='lat' dir='ltr'>amiflis</span> <span class='ocrx_word' id='word_1_512' title='bbox 1627 2554 1758 2595; x_wconf 86' lang='lat' dir='ltr'>litteris</span> <span class='ocrx_word' id='word_1_513' title='bbox 1773 2552 1873 2593; x_wconf 72' lang='lat' dir='ltr'>adeo</span> 
     </span>
     <span class='ocr_line' id='line_1_93' title="bbox 1076 2610 1874 2675; baseline -0.011 -16"><span class='ocrx_word' id='word_1_514' title='bbox 1076 2617 1345 2675; x_wconf 82' lang='lat' dir='ltr'>affligerentur,</span> <span class='ocrx_word' id='word_1_515' title='bbox 1382 2610 1526 2657; x_wconf 68' lang='lat' dir='ltr'>blande</span> <span class='ocrx_word' id='word_1_516' title='bbox 1541 2612 1783 2669; x_wconf 85' lang='lat' dir='ltr'>consolatur,</span> <span class='ocrx_word' id='word_1_517' title='bbox 1816 2610 1874 2651; x_wconf 89' lang='lat' dir='ltr'>d-i-</span> 
     </span>
     <span class='ocr_line' id='line_1_94' title="bbox 1077 2668 1874 2724; baseline -0.013 -6"><span class='ocrx_word' id='word_1_518' title='bbox 1077 2692 1168 2718; x_wconf 85' lang='lat' dir='ltr'>cens</span> <span class='ocrx_word' id='word_1_519' title='bbox 1182 2707 1192 2724; x_wconf 94' lang='lat'>,</span> <span class='ocrx_word' id='word_1_520' title='bbox 1226 2676 1259 2718; x_wconf 88' lang='lat' dir='ltr'>se</span> <span class='ocrx_word' id='word_1_521' title='bbox 1273 2670 1439 2716; x_wconf 83' lang='lat' dir='ltr'>eandem</span> <span class='ocrx_word' id='word_1_522' title='bbox 1449 2673 1572 2716; x_wconf 89' lang='lat' dir='ltr'>verbis</span> <span class='ocrx_word' id='word_1_523' title='bbox 1584 2668 1738 2713; x_wconf 91' lang='lat' dir='ltr'>illorum</span> <span class='ocrx_word' id='word_1_524' title='bbox 1753 2668 1874 2710; x_wconf 87' lang='lat' dir='ltr'>fidem</span> 
     </span>
     <span class='ocr_line' id='line_1_95' title="bbox 1082 2726 1872 2791; baseline -0.013 -14"><span class='ocrx_word' id='word_1_525' title='bbox 1082 2735 1236 2782; x_wconf 89' lang='lat' dir='ltr'>habere,</span> <span class='ocrx_word' id='word_1_526' title='bbox 1262 2751 1307 2776; x_wconf 90' lang='lat' dir='ltr'>ac</span> <span class='ocrx_word' id='word_1_527' title='bbox 1318 2735 1342 2775; x_wconf 84' lang='lat' dir='ltr'>si</span> <span class='ocrx_word' id='word_1_528' title='bbox 1354 2733 1446 2791; x_wconf 70' lang='lat' dir='ltr'>iplas</span> <span class='ocrx_word' id='word_1_529' title='bbox 1458 2735 1576 2789; x_wconf 83' lang='lat' dir='ltr'>Regis</span> <span class='ocrx_word' id='word_1_530' title='bbox 1596 2726 1735 2782; x_wconf 69' lang='lat' dir='ltr'>litteras</span> <span class='ocrx_word' id='word_1_531' title='bbox 1751 2727 1872 2784; x_wconf 68' lang='lat' dir='ltr'>percle-—</span> 
     </span>
     <span class='ocr_line' id='line_1_96' title="bbox 1111 2784 1875 2844; baseline -0.009 -9"><span class='ocrx_word' id='word_1_532' title='bbox 1111 2792 1200 2835; x_wconf 71' lang='lat' dir='ltr'>isset.</span> <span class='ocrx_word' id='word_1_533' title='bbox 1229 2796 1317 2835; x_wconf 92' lang='lat' dir='ltr'>Nec</span> <span class='ocrx_word' id='word_1_534' title='bbox 1327 2792 1448 2834; x_wconf 86' lang='lat' dir='ltr'>defuit</span> <span class='ocrx_word' id='word_1_535' title='bbox 1455 2792 1592 2832; x_wconf 71' lang='lat' dir='ltr'>diutius</span> <span class='ocrx_word' id='word_1_536' title='bbox 1603 2784 1875 2844; x_wconf 75' lang='lat' dir='ltr'>epistola,adeo</span> 
     </span>
     <span class='ocr_line' id='line_1_97' title="bbox 1082 2809 1874 2906; baseline -0.01 -12"><span class='ocrx_word' id='word_1_537' title='bbox 1082 2809 1260 2894; x_wconf 58' lang='lat' dir='ltr'>{olenter</span> <span class='ocrx_word' id='word_1_538' title='bbox 1269 2849 1399 2893; x_wconf 80' lang='lat' dir='ltr'>amissa</span> <span class='ocrx_word' id='word_1_539' title='bbox 1413 2869 1423 2897; x_wconf 80' lang='lat'>3</span> <span class='ocrx_word' id='word_1_540' title='bbox 1435 2860 1661 2906; x_wconf 88' lang='lat' dir='ltr'>procurante</span> <span class='ocrx_word' id='word_1_541' title='bbox 1672 2848 1778 2886; x_wconf 86' lang='lat' dir='ltr'>enim</span> <span class='ocrx_word' id='word_1_542' title='bbox 1790 2845 1874 2886; x_wconf 87' lang='lat' dir='ltr'>abs-</span> 
     </span>
     <span class='ocr_line' id='line_1_98' title="bbox 1082 2899 1874 2966; baseline -0.011 -13"><span class='ocrx_word' id='word_1_543' title='bbox 1082 2926 1157 2966; x_wconf 89' lang='lat' dir='ltr'>que</span> <span class='ocrx_word' id='word_1_544' title='bbox 1176 2911 1296 2952; x_wconf 87' lang='lat' dir='ltr'>dubio</span> <span class='ocrx_word' id='word_1_545' title='bbox 1317 2912 1464 2951; x_wconf 81' lang='lat' dir='ltr'>MARIA</span> <span class='ocrx_word' id='word_1_546' title='bbox 1481 2902 1746 2958; x_wconf 62' lang='lat' dir='ltr'>immaculata,</span> <span class='ocrx_word' id='word_1_547' title='bbox 1764 2899 1874 2954; x_wconf 82' lang='lat' dir='ltr'>Pater</span> 
     </span>
     <span class='ocr_line' id='line_1_99' title="bbox 1083 2960 1876 3024; baseline -0.009 -14"><span class='ocrx_word' id='word_1_548' title='bbox 1083 2965 1170 3016; x_wconf 86' lang='lat' dir='ltr'>ille,</span> <span class='ocrx_word' id='word_1_549' title='bbox 1192 2973 1258 3024; x_wconf 91' lang='lat' dir='ltr'>qui</span> <span class='ocrx_word' id='word_1_550' title='bbox 1279 2967 1482 3008; x_wconf 88' lang='lat' dir='ltr'>inscienter</span> <span class='ocrx_word' id='word_1_551' title='bbox 1502 2962 1644 3018; x_wconf 85' lang='lat' dir='ltr'>litteras</span> <span class='ocrx_word' id='word_1_552' title='bbox 1674 2960 1784 3003; x_wconf 76' lang='lat' dir='ltr'>hasce</span> <span class='ocrx_word' id='word_1_553' title='bbox 1806 2962 1876 3004; x_wconf 74' lang='lat' dir='ltr'>suis&#39;</span> 
     </span>
     <span class='ocr_line' id='line_1_100' title="bbox 1083 3019 1878 3078; baseline -0.009 -10"><span class='ocrx_word' id='word_1_554' title='bbox 1083 3020 1562 3077; x_wconf 72' lang='lat' dir='ltr'>immiscuerat,antequam</span> <span class='ocrx_word' id='word_1_555' title='bbox 1571 3025 1611 3062; x_wconf 92' lang='lat' dir='ltr'>in</span> <span class='ocrx_word' id='word_1_556' title='bbox 1619 3026 1733 3078; x_wconf 86' lang='lat' dir='ltr'>portu</span> <span class='ocrx_word' id='word_1_557' title='bbox 1748 3019 1878 3064; x_wconf 60' lang='lat' dir='ltr'>Venea</span> 
     </span>
     <span class='ocr_line' id='line_1_101' title="bbox 1087 3075 1878 3135; baseline -0.01 -9"><span class='ocrx_word' id='word_1_558' title='bbox 1087 3100 1130 3126; x_wconf 93' lang='lat' dir='ltr'>to</span> <span class='ocrx_word' id='word_1_559' title='bbox 1157 3086 1304 3125; x_wconf 86' lang='lat' dir='ltr'>Navim</span> <span class='ocrx_word' id='word_1_560' title='bbox 1331 3079 1628 3126; x_wconf 79' lang='lat' dir='ltr'>conscenderet,</span> <span class='ocrx_word' id='word_1_561' title='bbox 1658 3082 1700 3119; x_wconf 91' lang='lat' dir='ltr'>in</span> <span class='ocrx_word' id='word_1_562' title='bbox 1722 3075 1878 3135; x_wconf 62' lang='lat' dir='ltr'>longim—</span> 
     </span>
     <span class='ocr_line' id='line_1_102' title="bbox 1086 3136 1882 3198; baseline -0.008 -15"><span class='ocrx_word' id='word_1_563' title='bbox 1086 3157 1161 3196; x_wconf 90' lang='lat' dir='ltr'>qua</span> <span class='ocrx_word' id='word_1_564' title='bbox 1172 3142 1423 3198; x_wconf 59' lang='lat' dir='ltr'>perrecturum,</span> <span class='ocrx_word' id='word_1_565' title='bbox 1448 3138 1580 3181; x_wconf 84' lang='lat' dir='ltr'>litteris</span> <span class='ocrx_word' id='word_1_566' title='bbox 1593 3136 1675 3181; x_wconf 87' lang='lat' dir='ltr'>casu</span> <span class='ocrx_word' id='word_1_567' title='bbox 1687 3136 1882 3184; x_wconf 77' lang='lat' dir='ltr'>revolutis,</span> 
     </span>
     <span class='ocr_line' id='line_1_103' title="bbox 1750 3210 1857 3252; baseline 0 -17"><span class='ocrx_word' id='word_1_568' title='bbox 1750 3210 1857 3252; x_wconf 64' lang='lat' dir='ltr'>repe-a</span> 
     </span>
    </p>
   </div>
  </div>
 </body>
</html>
