2159 3508
104 342 212 402 341·

307 125 403 179 166

453 254 493 307 §..
508 259 553 312 5.
590 237 868 323 symbolum.

396 343 638 392 LVCIDIa
664 375 679 398 ,
715 344 921 389 LVMen.

297 1572 442 1608 Lucidiam
461 1570 562 1613 ignitis
580 1570 702 1603 referunt
717 1572 896 1613 splendescere
911 1576 1007 1614 pennis
1023 1597 1031 1610 ,

339 1615 429 1655 Qei's
438 1616 530 1644 valeas
543 1616 650 1644 rectam
664 1616 744 1644 noste
762 1625 852 1644 tenere
868 1617 954 1648 viam.

299 1658 422 1687 Lumina
435 1657 470 1685 fic
486 1654 594 1693 praefert
611 1657 704 1696 Virgo
718 1657 771 1685 fine
783 1656 846 1684 labe
857 1677 864 1688 ,
888 1659 1004 1688 Viator}

339 1697 428 1736 Qeis
443 1706 540 1735 putam
557 1705 651 1726 teneas
665 1716 672 1729 ,
690 1699 817 1727 Numine
833 1697 934 1732 dante,
960 1702 1044 1731 viam.

340 1756 482 1796 Expandit
508 1757 612 1791 ignem.
631 1764 668 1786 ut
689 1756 788 1786 lucem
813 1758 853 1786 ais
866 1765 912 1797 per
935 1761 1044 1789 nodam.

258 1799 330 1831 esai.
345 1808 411 1833 104·
434 1807 460 1827 v·
475 1806 522 1831 30·

419 1904 461 1956 ς.
484 1895 537 1948 6.
573 1896 871 1971 Antiquitas.

93 2024 214 2084 342,
259 2007 408 2063 Petlta
436 2014 510 2057 aD
533 2013 730 2073 antIas
752 2009 897 2059 Maria
923 2016 1042 2061 FL0.

399 2076 582 2129 rentlnfi
604 2114 619 2137 ‚
656 2079 887 2129 GabrIeLae

503 2154 811 2212 prosCrIptIO.

252 2233 525 2339 VIvebat>
567 2232 689 2289 longo
709 2234 786 2287 jam
815 2247 989 2290 ternpore
1028 2255 1040 2272 2

387 2294 580 2333 Henricus
599 2293 664 2335 IV.
692 2290 910 2332 Galliarum
932 2294 1039 2333 Rex,

253 2350 379 2407 Regia
396 2350 457 2391 sua
492 2351 671 2406 Conjuge
705 2350 881 2395 orbatus,
926 2365 1039 2404 atque

252 2413 409 2451 interim
436 2407 658 2449 Domicella
689 2408 865 2462 quaedam
886 2438 896 2455 ,
927 2408 1040 2449 stem-

251 2463 356 2510 mate
379 2465 501 2522 magis
514 2495 526 2512 ,
556 2481 599 2506 ac
611 2466 768 2506 externa
780 2469 950 2522 corporis
962 2466 1038 2522 spe-

252 2531 333 2572 cie,
364 2523 482 2580 quam
513 2527 651 2565 virtute
689 2524 853 2569 nobilis,
888 2528 928 2564 in
954 2525 1038 2566 aula

253 2583 539 2626 sustentabatur.
612 2584 711 2622 Haec
731 2612 742 2628 ‚
785 2597 827 2623 ut
855 2583 1038 2624 Gabriela

251 2645 436 2688 nomine,
453 2644 507 2681 ita
542 2639 644 2681 hanc
663 2639 780 2696 ipsam
795 2641 848 2681 ob
872 2641 1033 2688 causam,

250 2701 426 2759 peffimus
451 2701 711 2740 communiter
749 2698 917 2755 Angelus
943 2715 1042 2740 nun-

248 2773 405 2816 cupata,
432 2773 515 2799 non
538 2761 798 2814 exiguumtoti
825 2757 930 2798 Aulae
952 2763 963 2808 (
984 2758 1041 2798 di-

246 2833 335 2859 cam
347 2819 493 2874 potins,
525 2819 598 2856 toti
626 2818 791 2872 Regno)
821 2814 1042 2856 scandalum

251 2875 453 2932 praebebat.
514 2877 661 2917 Verum
696 2873 858 2927 inaudijt
879 2875 1040 2914 tandem

248 2934 315 2974 illa
326 2962 336 2980 ‚
366 2948 510 2975 novam
519 2935 696 2974 Henrico
705 2936 827 2988 parari
839 2930 1037 2989 Sponsam,

252 2993 405 3047 jamque
424 2992 608 3036 advertit,
641 2990 857 3045 frequentes
877 2990 1043 3036 tabulas,

254 3063 367 3103 atque
383 3048 521 3105 effigies
536 3049 690 3089 Parisios
705 3051 924 3095 transmitti,
959 3052 1045 3093 Vir-

255 3110 391 3165 ginum
411 3134 423 3151 ,
452 3120 494 3147 ut
514 3106 714 3163 languine,
745 3111 799 3148 ita
813 3104 987 3151 &forma
997 3123 1044 3148 ex

255 3164 436 3213 omnibus
469 3164 849 3220 praestantiffimarum
868 3195 881 3214 ,
912 3179 1045 3222 quate-

662 114 754 176 De
777 113 1063 193 Conceptzi
1085 112 1238 168 Sacra
1260 109 1498 189 Deiparzi

1109 204 1179 241 niis
1201 217 1247 242 ex
1266 201 1338 241 illis
1365 217 1439 243 una
1455 231 1467 248 ,
1499 217 1584 256 quae
1610 206 1708 259 Regi
1740 202 1894 260 praep-la«

1106 273 1211 299 cerer
1224 289 1234 305 ,
1264 260 1433 312 ejusdem
1453 260 1607 300 consors
1625 261 1768 308 futura,
1799 262 1891 302 illuc

1103 318 1377 370 adduceretur,
1397 317 1513 373 inc'lue
1526 321 1693 374 Regium
1706 320 1890 360 thronum

1104 376 1337 416 eveheretur.
1399 378 1608 432 Eapropter
1647 377 1752 417 haud
1782 381 1890 433 igno-

1104 448 1213 480 rans,
1243 433 1292 474 ad
1322 437 1489 490 primum
1518 434 1738 488 hujusmodi
1776 450 1889 476 novat

1104 494 1267 548 Reginae
1294 492 1523 537 adventum,
1555 508 1647 533 mox
1665 492 1730 532 sibi
1754 508 1800 532 ex
1813 495 1891 532 Au-

1102 549 1138 589 la
1158 579 1168 595 ‚
1199 565 1315 605 quam
1336 551 1484 591 tamdiii
1498 550 1718 591 standalose
1739 549 1889 590 incolu-

1099 621 1181 648 erat
1195 637 1205 654 ,
1218 608 1476 648 recedendum
1488 638 1498 654 ‚
1520 608 1655 649 adferri
1666 608 1731 649 fibi
1743 612 1890 650 curavit

1101 678 1237 706 omnes
1261 665 1343 706 illas
1366 665 1532 713 tabulas,
1565 682 1610 707 ac
1628 666 1768 723 effigies
1783 696 1794 713 ,
1825 682 1890 707 cu-

1100 723 1196 763 riose
1210 723 1448 780 exploratura
1468 754 1480 771 ‚
1512 740 1562 765 an
1579 724 1706 780 aliqua
1718 724 1816 765 adeo
1829 728 1888 766 in·

1101 786 1292 823 veniretur
1302 783 1510 838 praestantis
1527 782 1683 839 speciei,
1710 798 1750 823 ut
1762 783 1826 822 fibi
1840 786 1887 823 ti-

1103 840 1290 880 mendum
1302 839 1413 886 esset,
1444 841 1492 881 de
1511 842 1640 896 aliquo
1661 845 1800 881 amoris
1822 842 1888 881 de-

1102 896 1223 951 liquio
1235 927 1246 943 ,
1278 901 1317 937 in
1330 901 1459 954 Rege,
1492 914 1608 953 quem
1623 899 1688 939 sibi
1709 899 1771 940 illa
1788 899 1887 940 adeo

1103 954 1295 1010 hucusque
1318 956 1551 998 devincierat
1582 972 1593 998 2
1625 958 1883 999 Confideratis

1100 1012 1212 1069 ergo,
1241 1012 1390 1054 summo
1409 1014 1552 1061 studio,
1588 1019 1739 1071 pichlris
1757 1020 1887 1056 omni-

1099 1070 1166 1111 bus
1183 1100 1194 1117 ,
1219 1071 1380 1129 lingulas
1424 1074 1665 1129 parvipendit
1690 1101 1701 1117 ‚
1743 1073 1888 1115 duabus

1096 1133 1264 1186 exceptis
1275 1159 1286 1176 ‚
1315 1129 1449 1185 quibus
1464 1133 1565 1184 anxij
1579 1134 1696 1187 Regis
1710 1130 1888 1174 affeetum

1097 1187 1364 1229 ferventiffime
1385 1187 1517 1244 pulsari
1539 1189 1771 1231 observabat.
1814 1192 1886 1231 Fu-

1095 1246 1158 1285 ere
1180 1260 1307 1287 autem
1317 1246 1399 1287 duae
1417 1245 1490 1287 illae
1502 1246 1653 1303 effigies,
1663 1247 1886 1289 Elisabethae

1097 1303 1278 1361 Hispanae
1295 1308 1418 1361 prima
1436 1333 1446 1350 ‚
1477 1311 1517 1348 &
1542 1308 1676 1347 Mariae
1695 1306 1885 1347 Florenti-

1097 1378 1159 1402 nae
1176 1362 1317 1409 altera,
1349 1377 1510 1417 quarum
1538 1364 1625 1404 idea
1653 1363 1793 1420 spirans
1819 1365 1887 1406 ali-

1096 1421 1192 1474 quid
1215 1424 1404 1477 Regium,
1434 1427 1473 1462 &
1505 1421 1648 1477 ipsam,
1680 1430 1720 1464 &
1749 1423 1887 1464 Gallos

1096 1493 1255 1525 omnes,
1281 1480 1329 1519 de
1341 1478 1442 1519 nova
1462 1480 1613 1536 Regina
1641 1480 1783 1521 fecerat
1805 1497 1886 1521 cer-

1094 1540 1223 1582 tiores.
1283 1539 1371 1578 Nec
1401 1551 1532 1577 tamen
1556 1542 1685 1578 terruit
1722 1540 1885 1579 Gabrie-

1094 1594 1173 1635 lam
1186 1593 1397 1641 Elisabeth,
1428 1595 1601 1650 proterve
1616 1598 1852 1649 jaffitantem
1875 1613 1884 1635 ε

1095 1654 1196 1694 Mhil
1209 1654 1322 1693 ominis
1342 1654 1422 1693 mali
1435 1682 1446 1699 ‚
1478 1669 1520 1692 ex
1547 1654 1661 1710 nigelld
1683 1655 1740 1694 bac
1755 1655 1882 1711 Hispa-

1093 1711 1143 1751 πᾶ.
1218 1714 1270 1751 At
1293 1711 1357 1752 ubi
1385 1713 1554 1767 primiim
1582 1711 1716 1752 oculos
1744 1712 1883 1753 direxit

1093 1773 1134 1810 in
1156 1768 1327 1825 tabulam
1341 1772 1497 1811 MAmAE
1518 1769 1749 1811 Florentinae
1764 1799 1775 1817 ,
1806 1770 1884 1812 alta

1092 1828 1245 1869 trahens
1256 1827 1424 1884 suspiria,
1453 1828 1563 1867 Heu!
1597 1829 1702 1867 Heu!
1732 1831 1881 1883 inquit,

1094 1887 1339 1942 OMARJA!
1369 1901 1404 1925 tu
1415 1885 1485 1941 stila
1494 1901 1545 1931 es,
1590 1886 1821 1943 quaefiallicitam
1833 1903 1882 1926 me

1093 1959 1179 1984 tenes
1199 1973 1209 1989 ‚
1241 1961 1337 1984 unam
1360 1958 1390 1983 te
1413 1958 1514 1984 metuo
1528 1972 1540 1990 ,
1572 1960 1625 1983 nec
1630 1944 1788 1999 sinistrum
1803 1945 1882 1985 mihi

1093 2002 1217 2059 aliquid
1229 2003 1366 2059 unquclm
1383 2002 1511 2047 accidet,
1528 2002 1585 2056 nist
1604 2003 1624 2041 a*
1635 2005 1877 2058 te,MARIA.'

1091 2061 1332 2116 ‘MARIAJ
1364 2062 1451 2101 Nec
1467 2075 1554 2100 eam
1579 2059 1713 2101 fefellit
1732 2076 1878 2109 omen,

1088 2119 1271 2173 liquidem
1298 2121 1406 2164 Rex,
1437 2118 1614 2160 albedine
1625 2121 1802 2165 MAmAE,
1824 2135 1882 2161 re-

1092 2176 1270 2233 liquaque
1300 2176 1432 2217 formae
1463 2177 1676 2233 praestantia
1705 2177 1844 2218 saucius
1865 2206 1876 2224 ‚

1092 2236 1171 2290 alijs
1213 2250 1305 2276 mox
1322 2235 1514 2276 amoribus
1554 2238 1704 2290 penitus
1735 2235 1877 2277 valedi-

1091 2310 1181 2334 cens
1204 2323 1213 2339 ,
1243 2296 1424 2334 MAR1AM
1447 2323 1457 2339 ‚
1498 2292 1628 2334 Gallia*
1659 2293 1766 2334 limul
1786 2325 1797 2341 ,
1832 2310 1877 2334 ac

1091 2351 1197 2392 Italia
1218 2351 1493 2408 applaudente,
1524 2352 1633 2392 duxit
1649 2355 1686 2391 in
1705 2367 1875 2393 uxorem.

1090 2412 1147 2450 Du
1162 2411 1287 2449 -Plez‘x
1313 2411 1346 2449 in
1374 2409 1448 2450 ‘vitei‘
1464 2410 1603 2455 Henric.
1628 2413 1691 2449 IV.
1708 2410 1770 2465 stab
1801 2414 1878 2451 An-

1089 2485 1163 2508 num
1179 2486 1197 2507 1
1208 2486 1228 2513 5
1239 2486 1257 2514 9
1270 2486 1301 2514 9.

1174 2526 1232 2566 Ad
1254 2529 1368 2567 MAR
1381 2541 1394 2566 1
1407 2541 1433 2566 A
1449 2540 1480 2565 M
1516 2524 1638 2566 modo
1665 2527 1877 2579 Deiparam

1087 2598 1366 2625 convertamur.
1446 2584 1649 2624 Didicerat
1692 2584 1874 2624 vaticinio

1090 2642 1246 2683 daemon
1271 2672 1282 2688 ,
1315 2645 1436 2698 parari
1462 2641 1527 2681 fibi
1550 2641 1696 2680 malum
1718 2639 1740 2680 a
1755 2639 1875 2679 faemi-

1091 2700 1162 2746 na,
1192 2702 1293 2753 cujus
1313 2700 1431 2756 specie
1447 2701 1584 2740 DEUS
1603 2711 1732 2753 captus
1748 2726 1758 2743 ‚
1788 2712 1875 2738 eam

1090 2761 1131 2798 in
1164 2761 1356 2814 Reginam
1395 2756 1594 2797 assumeret
1615 2755 1874 2812 Angelorum,

1091 2815 1183 2856 hinc
1195 2815 1267 2872 ipse
1278 2845 1287 2861 ,
1305 2815 1475 2872 peffimus
1491 2813 1658 2871 Angelus
1669 2844 1679 2860 ‚
1696 2817 1876 2855 omnium

1089 2873 1338 2914 foeminarum
1368 2887 1471 2914 ortus
1486 2901 1497 2919 ,
1528 2879 1568 2915 ὃς
1595 2886 1804 2928 conceptus
1824 2871 1875 2911 le-

1088 2932 1197 2972 dulus
1212 2931 1463 2988 investigabat
1486 2961 1497 2977 ,
1528 2930 1732 2987 praesertim
1757 2934 1875 2972 Same,

1092 2991 1307 3036 Rebeccae,
1339 2989 1544 3035 Rachelis,
1573 2989 1760 3041 Judithae‚
1797 2986 1876 3027 Est-

1093 3049 1214 3094 heris,
1239 3055 1313 3091 &c.
1341 3047 1396 3088 nil
1421 3062 1553 3088 tamen
1577 3047 1669 3087 inde
1698 3044 1788 3086 mali
1813 3044 1879 3083 sibi

1093 3110 1216 3162 parari
1237 3107 1554 3163 deprehendens,
1584 3104 1686 3146 haefit
1714 3107 1753 3143 in
1768 3101 1879 3142 Elisa-

1093 3164 1184 3206 beth
1200 3195 1211 3212 ‚
1245 3168 1373 3208 Matre
1395 3167 1558 3218 Joannis
1580 3160 1775 3219 Baptistae,
1806 3175 1878 3200 nec

1722 3232 1854 3258 tamen
