2159 3508
97 308 157 338 ω.
184 310 247 332 ’.ι-

99 902 187 932 Tom.
201 913 228 934 1.

99 944 186 976 Serm.
200 951 245 975 σι.

142 1201 214 1233 ibid.

104 1887 138 1915 In
157 1892 233 1914 num

104 1929 182 1955 Sent.
194 1923 254 1953 dist.

105 1978 154 2004 44.
167 1976 192 1996 a.
206 1976 231 2001 3.

105 2009 142 2037 ad
156 2017 234 2045 3.um

108 3121 176 3154 etai-
194 3128 259 3151 101.

303 126 388 182 168

264 210 583 269 exoptatiffimum
598 236 610 254 ,
639 206 730 248 Isara
760 206 807 246 fic
830 203 1050 246 attestante:

267 272 428 328 Populus,
458 267 512 325 qui
523 264 709 307 ambulabat
737 262 938 304 intenebris,
968 260 1055 301 ‘vidit

267 328 366 370 lucem
380 341 529 383 magnam
540 354 551 371 ,
567 323 750 379 sedentibus
764 323 797 361 in
807 322 929 376 regione
939 319 1054 358 umbrae

266 388 377 428 mortis
394 384 454 424 lux
472 397 543 424 orta
559 383 599 436 ‘fl
611 383 666 421 ees.
737 378 888 434 Insuper
920 391 1055 431 quem-

268 442 482 486 admodum
501 453 701 494 nunquam
712 437 789 478 fine
802 437 885 477 luce
902 434 979 480 Sol,
1009 434 1057 474 fic

267 505 436 546 Meum,
466 497 640 554 quamvis
664 510 842 537 materno
853 494 978 535 adhuc
1000 495 1058 532 in-

267 558 368 601 clusa
387 570 496 599 utero
510 584 521 604 ,
562 553 784 610 nunquam,
815 552 865 593 ne
891 566 958 608 per
974 554 1058 592 uni-

268 633 358 661 cum
369 616 529 672 quidem
540 613 681 656 instans
693 642 702 659 ,
733 613 803 653 fuit
814 612 889 651 sine
901 612 1058 650 rationis

269 676 416 717 lumine
445 703 456 721 ‚
486 687 648 715 omnem
675 673 823 727 peccati
853 668 1059 724 caliginem

268 736 419 791 penitus
450 731 692 773 excludente.
760 729 868 769 Hinc
895 725 1058 766 minime

264 789 485 833 mirandum
497 788 593 830 illud
604 818 615 836 ‚
648 786 755 843 quod
768 789 891 829 Divus
902 788 1059 825 Bernar-

264 848 376 891 dinus
406 847 577 891 Senensis
628 859 809 887 notanter
854 843 1027 885 observat
1046 870 1057 886 ,

266 908 395 953 Ἱῖιηῑο,
426 908 625 962 inquiens,
655 905 774 944 lumine
812 902 968 957 illustrata
1012 899 1059 938 uic

266 970 373 1006 Beata
382 966 508 1022 Virgo,
537 964 607 1004 cim»
622 961 792 1004 etiamnicm
803 961 871 1017 effet
896 961 930 998 in
944 971 1059 999 ventre

265 1024 418 1070 Matris,
448 1021 534 1080 quod
542 1036 603 1062 non
616 1020 744 1061 tanticm
758 1020 856 1075 plena
857 1018 928 1072 fuit
941 1017 1058 1057 lumine

265 1082 423 1126 rationis,
443 1080 505 1136 fid
522 1082 619 1120 etiam
647 1078 796 1133 altiffimae
822 1074 1060 1131 contemplatio-

269 1141 332 1181 nis.
359 1139 468 1195 quod
504 1136 635 1194 paullo
658 1134 744 1192 post
768 1133 922 1174 ulterius
935 1131 1059 1188 prose-

265 1202 395 1253 quitur
416 1197 549 1237 dicens
571 1213 579 1235 z
613 1194 675 1234 Ad
686 1205 814 1233 tantam
826 1190 1059 1247 contemplatio-

267 1271 337 1296 nem
350 1255 525 1311 ficblimata
541 1254 580 1307 esi
604 1281 615 1299 ,
645 1266 682 1292 ut
709 1249 876 1307 perfeHiics
902 1251 998 1289 etiam
1026 1249 1061 1287 in

266 1327 381 1356 ‘ventre
413 1313 546 1352 Matris
595 1309 856 1365 contemplaretur
869 1309 1026 1347 DELZM
1048 1332 1060 1350 ‚

267 1370 365 1430 quam
378 1385 519 1427 unquam
543 1368 768 1425 contemplatus
768 1367 873 1422 ficerit
897 1366 1013 1422 aliquis
1027 1365 1061 1404 in

264 1428 407 1488 perfeh‘ici=
421 1442 528 1472 atate,
586 1427 648 1468 Ad
666 1426 775 1480 hujus
787 1427 919 1465 Fontis
935 1426 1062 1479 Virgi-

266 1491 336 1530 nei
356 1485 646 1528 amaeniffimum
668 1481 888 1527 decursum,
913 1481 1062 1522 clarita-

271 1544 428 1600 temque
450 1543 680 1600 puriffimam
693 1571 705 1588 ,
735 1539 881 1582 summe
902 1539 1066 1579 delecta-

273 1619 334 1646 tus
346 1606 398 1645 D.
411 1603 588 1643 Thomas
615 1603 807 1655 Aquinas,
846 1611 948 1639 totus
971 1596 1065 1653 ipie-

272 1675 356 1704 met
366 1662 407 1702 in
422 1659 549 1702 lucem
567 1685 581 1706 ,
609 1655 817 1711 Solemque
841 1653 1064 1700 conversus,

274 1723 317 1762 in
331 1735 447 1775 aquas
465 1718 645 1775 plurimas
676 1715 833 1757 laudum
864 1716 1066 1769 Virginea-

274 1794 362 1820 rum
385 1774 612 1819 redundavit
631 1801 643 1819 2
682 1775 783 1815 inter
811 1771 885 1813 alia
901 1772 983 1812 haec
1017 1786 1065 1812 ex

273 1836 474 1879 clariffimo
485 1834 668 1876 doetrinae
686 1833 756 1873 suae
768 1830 962 1888 Angelicae
976 1828 1064 1870 fon-

273 1910 312 1938 te
326 1894 531 1936 liberaliter
540 1891 775 1949 profundens
789 1908 796 1931 :
821 1889 926 1943 Potest
940 1886 1066 1944 aliquid

274 1968 413 1995 creatu-m
424 1953 553 2010 reperiri
566 1981 577 1998 ,
607 1966 666 2008 quo
687 1949 767 1989 nihil
775 1945 955 2007 puriuseffi
966 1947 1065 2006 potest

275 2015 310 2053 in
338 2012 430 2053 rebus
457 2011 590 2056 creatis,
613 2009 643 2064 fi
664 2007 752 2048 nulla?
780 2007 962 2062 contagione
988 2016 1065 2061 pec-

276 2072 339 2111 cati
349 2070 547 2127 inquinatum
554 2067 608 2124 fit,
632 2075 670 2109 <7
682 2066 832 2120 taltlsfuit
845 2065 969 2121 puritas
977 2066 1065 2102 Dea-

273 2144 312 2169 tae
325 2133 365 2169 V
365 2129 496 2185 irgini'n
529 2142 597 2183 quae
621 2125 641 2164 ἃ
656 2136 785 2182 peccato
814 2121 985 2178 originali,
1025 2128 1064 2163 &-

273 2187 396 2227 anuali
417 2186 566 2227 immunis
575 2184 657 2239 fuit.
716 2184 773 2222 Ex
796 2196 875 2235 quo
894 2182 1062 2221 Mariani

275 2248 407 2286 Fontis
432 2243 582 2285 claritas
614 2248 654 2283 &
673 2239 892 2297 amplitudo
911 2236 1064 2279 abunde

274 2317 443 2360 apparet.
504 2298 697 2357 Superest,
728 2300 859 2339 Fontis
872 2298 980 2351 hujus
991 2295 1068 2336 cla-

277 2362 422 2407 rfflimi,
453 2365 686 2414 &aquarum
709 2356 849 2397 exinde
871 2353 1067 2412 prosilien-

279 2423 377 2461 tium
405 2418 609 2460 utilitatem
654 2419 781 2472 paucis
818 2413 1066 2471 perpendere.

279 2480 383 2520 Sicut
392 2480 498 2518 enim
518 2473 754 2531 quadruplex
768 2472 1002 2530 potiffimiim
1014 2470 1069 2512 est

279 2550 387 2592 aquae
408 2534 549 2576 utilitas
572 2563 583 2580 ,
615 2532 741 2588 primo
761 2530 870 2587 quod
886 2531 984 2571 fitim
1005 2545 1071 2570 ex-

279 2598 429 2652 tinguat
440 2624 451 2639 ,
466 2591 633 2633 secunde>
648 2590 773 2631 sordes
784 2589 914 2631 abluat
925 2618 934 2634 ,
954 2587 1070 2629 tertio

279 2653 411 2694 hortos
421 2654 562 2707 irriget,
571 2648 707 2705 quarto
724 2649 891 2702 denique
900 2648 951 2687 ad
962 2646 1071 2688 cibos

279 2709 556 2765 decoquendos
567 2707 748 2748 deserviat
767 2724 775 2747 ;
806 2705 976 2746 eundem
991 2704 1071 2761 pla-

279 2769 331 2810 ne
348 2773 389 2810 in
400 2768 564 2809 modum
579 2769 748 2821 Deipara
760 2794 770 2811 ,
803 2767 904 2805 Fons
921 2762 985 2803 ille
1004 2778 1071 2818 pu-

279 2827 455 2873 riffimus,
487 2842 532 2866 ac
547 2824 784 2869 clarissimus,
815 2820 994 2863 fidevotfi
1007 2836 1072 2861 ve-

281 2889 483 2926 neratione
502 2883 526 2925 a
546 2882 659 2924 nobis
684 2880 901 2938 degustetur
915 2909 926 2925 ,
956 2878 1072 2920 velie-

281 2942 554 2984 mentisfimum
598 2938 759 2982 carnalis
776 2969 786 2985 ,
824 2954 868 2980 ac
912 2951 1070 2978 terrenae

282 3000 599 3056 concupiscentiae
630 2999 810 3040 ardorem
837 2998 1036 3052 extinguet
1059 3025 1070 3041 ‚

283 3057 545 3114 putridiffimas
593 3061 801 3098 criminum
851 3054 1071 3096 nostrorum

281 3114 450 3157 maculas
470 3115 572 3156 eluet
592 3143 603 3161 ,
632 3129 701 3156 cor
725 3115 896 3156 nostrum
922 3142 933 3159 ,
963 3111 1070 3167 quod

280 3173 374 3218 teste
410 3185 617 3231 purpurato
651 3177 750 3222 Vate
768 3201 779 3221 ,
821 3172 923 3214 ‘veluti
947 3170 1069 3227 foenum

681 112 1076 191 DeConcepta
1104 112 1258 170 Sacra
1282 110 1519 187 Deiparzi

1102 207 1206 248 aruit,
1243 203 1292 244 ad
1319 202 1616 260 germinandum
1637 228 1646 245 ,
1677 195 1861 254 floresque
1882 213 1894 231 ›

1103 280 1147 305 ac
1163 263 1301 304 fruetus
1329 260 1600 318 producendos
1630 257 1862 299 faecundabit
1881 274 1892 292 ›

1104 337 1221 379 opera
1231 321 1398 374 denique
1413 319 1541 359 nostra
1553 346 1564 363 ,
1595 314 1724 357 insulsa
1736 315 1799 356 illa
1811 309 1891 369 qui‘

1106 382 1220 426 dem,
1250 394 1294 418 ac
1327 378 1444 419 cruda
1464 406 1476 423 ,
1525 391 1597 416 nec
1631 375 1748 431 digna
1768 400 1779 417 ‚
1808 386 1893 426 quae

1107 441 1261 480 Divinis
1290 436 1409 492 epulis
1440 434 1672 479 inferantur,
1703 436 1756 472 ita
1779 446 1895 470 exco-

1108 510 1201 552 quet
1214 525 1226 542 ,
1256 508 1298 535 ut
1319 494 1380 536 vel
1401 493 1465 551 ipfi
1495 495 1612 534 DEO
1631 489 1824 547 gratissimi
1844 487 1898 527 sa-

1109 561 1209 613 poris
1225 553 1350 595 futura
1358 553 1437 593 fint.
1499 550 1560 592 Ad
1572 551 1675 591 hunc
1687 563 1779 605 ergo
1796 549 1898 587 Fon-

1109 629 1211 659 tem,
1243 626 1360 666 quem
1384 608 1613 652 Methodius
1653 609 1702 648 fic
1742 603 1894 646 affatur:
1920 603 1949 628 ¹⁰
1974 600 2068 639 11ΥΞὨ·

1109 673 1208 714 Salve
1230 670 1440 711 humanitatis
1457 667 1638 725 filijfhns!
1669 673 1709 708 &
1734 665 1905 720 Epipha:
1919 651 2044 711 &genie

1109 735 1213 771 nius:
1244 731 1325 768 Ave
1330 729 1441 784 gratia
1447 727 1546 784 plena
1573 756 1584 773 ,
1610 725 1827 782 quaefitientes
1839 737 1898 782 pe-
1921 725 2000 761 ²³⁶¹?-

1108 789 1217 830 renni's
1243 787 1348 842 fontis
1394 784 1556 825 dulcedine
1586 784 1690 839 finias
1718 814 1728 830 ,
1761 790 1899 840 pariter

1108 843 1339 902 Chrysippus
1364 859 1373 881 t
1405 846 1508 889 Ave,
1538 858 1605 899 qua:
1629 858 1660 881 es
1686 854 1801 900 puteus
1812 845 1897 899 [ἑω-
1918 821 2046 892 {exin-de

1100 919 1160 963 per
1178 904 1325 945 ‘viventis
1345 904 1457 958 aqua!
1487 901 1535 942 ad
1560 901 1666 942 hunc
1682 931 1692 947 ,
1726 905 1897 956 inquam,

1106 967 1272 1005 Fontem
1290 974 1507 1016 peccatores
1518 960 1802 1016 lachrymarum
1818 977 1900 1018 poe-

1107 1022 1317 1065 nitentium
1352 1017 1477 1059 fontes
1516 1019 1714 1075 adjungite
1742 1035 1750 1057 ε
1781 1021 1897 1076 crestae

1107 1080 1228 1122 vestra
1240 1081 1280 1117 in
1293 1076 1583 1118 immaculatam
1605 1080 1807 1132 Virginem
1833 1079 1899 1120 de-

1109 1135 1429 1190 votioinfluvium‚
1460 1148 1502 1175 ut
1517 1135 1656 1174 exinde
1675 1137 1709 1174 in
1732 1136 1830 1175 lucem
1843 1136 1897 1192 fi).

1108 1199 1228 1254 leimque
1239 1225 1249 1242 ,
1281 1196 1405 1235 DEuM
1417 1193 1559 1233 scilicet
1569 1208 1701 1234 verum
1722 1209 1769 1234 ex
1780 1196 1898 1237 corde

1109 1252 1280 1297 converfi
1295 1283 1306 1300 ,
1347 1254 1451 1306 aquis
1483 1254 1689 1307 gratiarum
1709 1250 1878 1307 plurimis
1891 1280 1903 1298 ,

1109 1318 1150 1355 in
1178 1329 1246 1356 vos
1270 1328 1337 1369 per
1353 1313 1534 1351 MARIAM
1569 1309 1871 1353 redundantibus
1888 1341 1901 1360 ,

1109 1372 1347 1430 repleamini,

1291 1450 1331 1514 §.
1353 1460 1404 1501 2.
1439 1445 1736 1497 Authoritas.

1149 1540 1197 1582 B.
1210 1547 1269 1579 Ha
1278 1535 1319 1600 Ι]
1331 1534 1491 1578 Monls
1510 1564 1524 1586 ,
1570 1535 1644 1578 De
1667 1533 1866 1594 VIrgInc

1281 1596 1535 1662 ConCepta
1559 1603 1745 1662 opInIo.

1113 1693 1153 1731 In
1164 1687 1234 1746 ipsa*
1243 1685 1422 1727 hareditate
1442 1685 1574 1723 Domini
1598 1698 1723 1723 morata
1744 1685 1784 1737 esl
1798 1686 1902 1724 MA.

1172 1748 1283 1802 ΨΑ,
1317 1760 1384 1801 quae
1405 1759 1466 1784 non
1481 1741 1661 1798 peccando>
1695 1742 1715 1780 a
1733 1741 1905 1798 poffeffione

1172 1805 1306 1844 Domini
1324 1819 1385 1843 non
1403 1801 1552 1857 difieffir,
1576 1798 1635 1855 fi’d
1649 1801 1805 1856 integram
1807 1801 1905 1856 fitam

1167 1864 1310 1903 animam
1339 1862 1358 1899 ἁ
1381 1858 1622 1916 concupisiemia‘
1636 1887 1647 1905 ,
1678 1866 1716 1900 (θ’
1738 1875 1863 1899 carnem
1883 1860 1907 1900 h

1170 1922 1364 1978 corruptione
1382 1920 1524 1974 servans
1550 1947 1562 1965 ,
1588 1917 1690 1974 portio
1716 1918 1906 1960 hareditatis

1173 1982 1269 2020 DEI
1280 1977 1383 2034 effeHa
1394 1978 1444 2031 est.
1502 1975 1653 2018 Homil.
1668 1980 1708 2017 in
1726 1978 1840 2034 Epist,
1856 1981 1905 2023 de

1171 2036 1354 2094 Assumpt.
1372 2038 1516 2077 Marice.

1353 2121 1451 2181 ὃὸ,
1486 2113 1668 2175 ‘Raetica

1201 2189 1422 2238 Debltorl
1506 2187 1657 2247 Vestes
1707 2195 1825 2237 sVnt

1314 2261 1701 2307 ConCeDenDae.

1218 2337 1368 2379 Hristus
1381 2339 1578 2378 Dominus
1598 2333 1784 2389 tanquam
1799 2348 1906 2375 verus

1244 2397 1435 2438 mediator
1454 2424 1465 2441 ,
1521 2410 1566 2435 ac
1594 2391 1784 2448 fidejuisor
1803 2391 1905 2447 apud

1120 2457 1273 2497 Patrem
1287 2468 1496 2496 aeternum,
1526 2459 1567 2495 ὃς
1586 2452 1768 2507 justitiam
1794 2452 1905 2491 Divi-

1118 2530 1238 2557 nam,
1272 2516 1406 2555 omnia
1436 2511 1567 2552 debita
1593 2510 1741 2554 nostra,
1774 2506 1813 2548 id
1829 2505 1904 2552 est,

1119 2588 1277 2634 peccata
1301 2603 1311 2619 ‚
1348 2575 1390 2612 in
1407 2571 1646 2611 humanitate
1690 2563 1872 2621 assumpta
1893 2594 1904 2612 ,

1119 2644 1161 2680 in
1175 2638 1210 2680 se
1225 2635 1379 2691 suscepit
1394 2663 1405 2680 ,
1437 2646 1481 2672 ut
1495 2631 1631 2670 dicitur
1641 2626 1738 2667 Isaiae
1752 2638 1798 2675 53·
1816 2639 1851 2664 v.
1863 2638 1905 2675 4.

1122 2698 1204 2739 Vere
1215 2695 1382 2750 languores
1405 2691 1520 2744 nostros
1537 2687 1596 2745 ipse
1606 2686 1681 2726 tulit
1698 2713 1708 2729 ,
1731 2692 1769 2725 (ἐπ’
1786 2681 1906 2722 dolores

1120 2758 1234 2812 nistros
1264 2753 1324 2810 ipse
1348 2750 1505 2806 portawit.
1567 2748 1616 2785 Et
1653 2747 1768 2784 Beata
1784 2743 1907 2798 Virgo

1120 2828 1199 2855 erat
1226 2813 1303 2865 ejus
1331 2809 1465 2854 vestis;
1491 2806 1564 2846 hac
1594 2807 1701 2845 enim
1722 2814 1908 2855 tanquam

1121 2871 1221 2914 veste
1234 2867 1432 2926 tegebatur
1445 2896 1454 2911 ,
1486 2879 1551 2921 per
1570 2875 1715 2903 novem
1734 2857 1907 2904 Menses,

1121 2934 1162 2971 in
1184 2931 1260 2983 ejus
1277 2923 1452 2982 virginali
1481 2936 1642 2978 corpore
1665 2915 1906 2961 delitescens,

1121 3004 1168 3030 ex
1192 2989 1295 3042 cujus
1325 2998 1439 3025 carne
1469 2979 1658 3037 affumpfit
1690 2977 1907 3019 humanita-

1122 3062 1224 3092 tem,
1255 3043 1399 3086 vestem
1414 3055 1575 3096 nempe,
1606 3036 1681 3092 qua
1707 3035 1809 3077 suam
1835 3035 1907 3073 Di-

1119 3110 1323 3147 vinitatem
1334 3100 1507 3158 tegebat,
1531 3105 1571 3140 &
1591 3094 1801 3152 operiebat,
1827 3092 1910 3144 jux-

1120 3178 1159 3205 ta
1180 3163 1273 3203 illud
1284 3160 1448 3216 Philipp.
1468 3174 1499 3198 c.
1513 3163 1548 3198 6.
1579 3172 1612 3197 v.
1632 3171 1666 3208 7.
1707 3155 1747 3192 In
1756 3149 1906 3203 fimilitu-

1768 3206 1872 3248 dinem

1921 1475 2036 1534 345.

1925 2192 2048 2262 346·
