2159 3508
69 964 167 995 cenes.
194 973 219 1002 ς.

69 1016 96 1038 v.
104 1013 146 1044 ις.

58 2769 206 2810 lsaiaec.51.

59 2821 87 2842 v.
95 2823 124 2846 ,-

762 115 1099 196 Conceptus,

238 213 579 271 inexpugnabilem
607 239 619 258 ³
647 219 688 256 &
727 228 844 268 quam
889 225 1028 254 omnes

239 271 339 312 adeo
351 272 532 314 mortales
563 276 603 313 in
632 271 775 328 aiylum
796 270 1025 327 selegerant,

239 329 335 370 dum
359 335 692 388 oppugnationem
711 329 814 370 suam
837 328 1025 369 funestam

240 388 431 436 adoritur,
472 388 588 446 indue
629 391 755 445 primo
787 390 1026 443 Conceptio-

242 450 300 488 nis
320 450 504 489 Marianae
536 445 691 488 instanti
706 475 716 492 ‚
749 446 798 485 ad
830 461 915 486 eam
942 459 1030 500 pro-

243 507 325 561 pifis
345 506 549 552 accedere,
593 503 702 546 nullo
720 502 949 544 subodorato
965 518 1030 558 pe-

243 563 390 610 riculo,
421 577 583 605 attentat
613 578 622 600 ε
654 563 765 601 Ecce!
794 579 858 600 una
894 561 1028 606 mulier,

244 620 310 663 illa
333 621 408 678 ipsa
422 624 624 666 nimirum,
659 619 820 659 benedifla
844 622 875 658 in
890 620 1031 658 mulieri-

243 678 324 726 bus,
350 683 470 737 Virgo
485 679 713 724 beafiffima,
744 677 847 719 velut
870 677 1029 718 bellico-

244 736 278 778 {a
290 740 463 779 Heroina
473 766 484 783 ,
516 736 710 778 infernalis
722 735 839 776 hostis
852 739 966 792 capiti
975 733 1029 776 fa-

245 796 320 836 tale
352 795 486 837 vulnus
505 795 604 836 illilit
624 825 634 842 ‚
679 804 718 838 ὠ·
759 795 908 850 confregit
946 811 1029 833 cere-

245 853 333 894 brum
351 856 417 908 ejus
429 883 439 899 ,
469 856 604 910 jugiter
621 853 836 909 adimplens
848 852 942 893 illud
953 854 1028 894 Di-

243 914 321 952 vini
353 913 535 952 Numinis
563 919 601 952 in
629 911 802 953 Paradiso
833 910 990 951 effatum
1017 926 1026 952 z

242 970 425 1010 Inimicitim
461 984 576 1021 ponam
606 972 688 1010 inter
707 985 738 1009 te
755 997 765 1014 2
797 970 1024 1012 &mulieremz

241 1028 306 1128 3>ss
323 1022 470 1068 conteret⁶
481 1041 573 1086 caput
607 1044 706 1068 tuum.
778 1031 924 1071 Verum
942 1055 953 1075 ,
985 1032 1026 1070 &

271 1089 306 1127 ic
337 1087 531 1128 infernalis
549 1086 779 1128 Abimelech
802 1090 957 1128 vocavit
969 1102 1025 1127 ar-

242 1148 433 1201 migerum
472 1145 578 1186 flium
596 1172 606 1188 ‚
639 1145 851 1186 Lutherum
886 1145 1027 1186 intelli-

242 1218 317 1260 go,
347 1203 546 1260 pluresque
577 1204 672 1245 alios
704 1203 888 1245 Marianae
912 1206 1028 1244 inno-

241 1265 378 1303 centiae
406 1262 532 1304 hostes
552 1291 564 1308 ,
593 1266 658 1317 qui
678 1261 844 1303 omnino
874 1277 1029 1303 contra-

242 1319 378 1361 dicunt
397 1350 408 1366 ,
448 1319 686 1376 minimeque
720 1320 857 1362 volunt
888 1321 1028 1361 admit-

244 1391 323 1418 tere
350 1379 567 1419 notandum
586 1378 681 1419 illud
702 1381 742 1417 in
765 1382 880 1419 Sacro
901 1381 1029 1419 Textu

242 1437 475 1478 vocabulum
520 1436 593 1494 {psa
614 1453 625 1475 .·
668 1439 822 1476 unicam
870 1436 1030 1476 eraden-

242 1508 296 1535 tes
317 1493 505 1541 litteram,
535 1492 725 1549 aliamc‘que
752 1493 1027 1541 substituentes,

239 1552 410 1593 dicendo
427 1571 435 1593 :
467 1553 532 1610 Ipse}
552 1568 685 1592 conteret
700 1565 793 1609 caput
813 1567 914 1599 tuum,
946 1568 1030 1593 non

239 1608 355 1652 aliam
376 1625 478 1652 certe
487 1611 540 1653 ob
556 1610 704 1652 causam
719 1641 730 1657 ‚
761 1612 829 1652 nisi
841 1611 893 1653 ob
906 1611 1033 1652 istam:

237 1671 299 1709 Ne
317 1670 406 1725 fhrte*
431 1670 556 1710 dicatur
573 1699 583 1717 ‚
613 1669 697 1728 quod
717 1670 736 1709 d
749 1670 885 1726 faemind'
898 1671 1028 1725 interfe-

236 1727 308 1767 aas
323 1727 394 1783 fit,
432 1731 498 1784 qui
547 1728 730 1783 loquendi
772 1728 910 1770 modus
945 1743 1026 1773 tam

238 1785 463 1828 daemonem
498 1815 508 1833 ,
539 1787 656 1842 quam
686 1789 765 1843 ejus
789 1792 1023 1846 armigeros,

238 1841 480 1901 summopere
495 1845 655 1903 affligit5
681 1849 838 1891 Verum,
852 1848 945 1890 ficut
953 1865 1023 1891 vo-

237 1901 419 1944 cabulum
441 1919 449 1941 z
478 1905 560 1961 Ipsa,
576 1908 616 1945 in
631 1904 758 1946 nostra
771 1905 904 1948 saltem
928 1907 1024 1951 Vul-

237 1961 328 2017 gata
357 1962 566 2018 expressum
598 1963 760 2011 haberi,
802 1981 922 2006 nemo
942 1968 1023 2021 jure

238 2020 513 2061 contradixerit
534 2048 544 2064 ‚
577 2025 628 2062 ita
659 2038 706 2063 ex
729 2022 836 2063 mille
867 2039 1023 2080 quoque

239 2078 448 2119 rationibus
494 2078 792 2121 concedendum
822 2111 833 2128 ‚
863 2084 1020 2130 Primo,

238 2136 461 2178 MARIAM
484 2153 555 2194 pro
582 2137 642 2179 flia
666 2138 823 2195 persona
841 2168 852 2186 ,
884 2142 924 2181 in
948 2146 1023 2198 pri-

237 2207 306 2252 mo
347 2194 476 2236 statim
515 2198 796 2254 Conceptionis
825 2198 981 2241 instanti
1008 2230 1020 2248 ,

236 2251 371 2295 DEO
387 2253 632 2310 praeservante
655 2284 667 2303 ,
710 2253 863 2297 hostem
885 2258 933 2298 de
961 2273 1022 2300 tot

237 2311 414 2366 Vistorijs
449 2312 649 2369 superbum
678 2313 890 2372 profligasse
915 2333 923 2356 :
956 2321 1022 2359 Se-

233 2369 365 2410 cundo
387 2400 396 2417 ‚
443 2386 513 2427 pro
543 2371 622 2427 alijs
650 2387 805 2428 quoque
833 2377 874 2414 in
905 2379 1021 2433 origi-

234 2426 320 2468 nale
332 2428 524 2485 prolapsis,
554 2431 750 2472 mediante
762 2431 893 2485 saltem
905 2434 1021 2475 Chri-

233 2485 313 2532 sto,
332 2502 379 2527 ex
413 2487 492 2544 ipsa
509 2494 717 2546 progenito
743 2520 753 2537 ‚
798 2491 1021 2534 daemonem

232 2541 434 2587 debellasse
457 2576 467 2593 ,
513 2547 758 2603 praedamc'lue
802 2545 1022 2592 ditissimam

234 2603 412 2645 Lucifero
436 2605 618 2662 eripuisse.
679 2609 787 2648 Hinc
812 2611 908 2649 vitio
923 2610 1022 2650 mihi

232 2662 396 2703 minime
419 2665 648 2705 vertendum
672 2670 743 2707 erit
764 2696 774 2712 ,
806 2663 831 2706 si
850 2664 1022 2724 Prophe-

230 2723 314 2761 ticis
335 2717 413 2762 usus
436 2723 560 2764 verbis
571 2753 581 2770 ‚
598 2726 643 2764 M
659 2727 691 2765 A
707 2727 744 2767 R
760 2727 776 2767 Ι
791 2727 880 2767 AM
909 2726 957 2767 sic
969 2724 1022 2768 al·-

230 2776 366 2833 loquar
390 2795 397 2819 :
427 2781 594 2838 Nunquid
604 2781 729 2822 nonTu
742 2783 1022 2842 pereuffistifhper-

230 2836 305 2876 bum
327 2866 337 2882 ‚
381 2838 556 2894 ‘vulnerqfii
581 2842 762 2882 Draconem
786 2842 812 2882 Β
841 2847 992 2899 nunqui

231 2909 314 2935 non
343 2908 385 2936 tu
414 2893 622 2938 feliciffima
644 2914 682 2939 es
716 2900 784 2941 illa
815 2901 978 2942 foemina
1007 2930 1018 2949 ‚

233 2968 302 3010 per
321 2968 438 3008 quam
461 2955 609 2996 devicta
633 2958 734 3010 jacet
754 2960 936 3000 venenofi
950 2959 1022 3001 ser-

233 3015 358 3069 pentis
382 3012 540 3053 astutia?
567 3014 745 3057 omnino.
804 3019 966 3058 Moveat
980 3022 1021 3060 in

233 3074 468 3111 contrarium
485 3100 496 3117 ‚
527 3072 716 3127 quidquid
743 3073 857 3120 velit,
889 3075 1021 3117 adver-

231 3127 414 3170 sariorum
451 3128 595 3171 invidia
615 3159 627 3177 ,
670 3145 834 3173 omnem
863 3146 1020 3176 moveat

1182 111 1386 177 XXVI.
1748 119 1815 190 85

1077 210 1251 254 diabolus
1271 211 1442 269 lapidem
1474 241 1487 259 ,
1526 226 1565 252 ne
1585 212 1674 269 fimi
1698 211 1830 253 dicatur
1847 238 1860 258 ,

1075 269 1160 327 qubd
1174 271 1198 309 d
1222 271 1360 326 foemina
1369 269 1674 327 fheritz'nterseffm
1689 301 1699 318 ,
1729 270 1861 312 oleum

1076 329 1210 384 perdet
1245 334 1463 385 &operam
1485 359 1496 375 ,
1528 330 1630 371 hanc
1668 329 1865 370 maculam

1074 386 1140 427 sibi
1165 387 1212 427 ab
1222 387 1471 429 immaculata
1499 386 1680 444 aspersam
1702 387 1866 428 minime

1080 444 1224 485 delebit
1249 474 1260 490 ,
1301 445 1447 502 semper
1475 444 1660 502 suppressa
1690 445 1865 487 manebit

1081 517 1161 543 tam
1186 503 1374 544 daemonis
1398 533 1410 550 ,
1447 503 1565 558 quam
1586 508 1866 561 armigerorum

1079 559 1230 601 suorum
1252 565 1292 601 i‘n
1304 564 1484 602 MAmAM
1497 563 1665 609 audacia,
1693 562 1866 618 illudque

1079 623 1231 660 eveniet
1253 623 1292 659 in
1303 619 1347 660 ea
1368 649 1378 665 ,
1413 621 1519 674 quod
1531 621 1716 662 Michaeas
1739 637 1866 676 quon-

1079 677 1171 718 dam
1196 678 1388 734 Propheta
1409 678 1585 734 praedixit
1609 693 1616 719 ·:
1651 680 1868 719 Exaltabicur
1887 680 2019 709 (ψ’-Ψ

1078 752 1196 775 mantes
1231 751 1289 775 tua
1324 749 1399 792 uper
1424 737 1518 790 hostes
1559 750 1632 776 tuos
1652 763 1664 780 ,
1695 747 1733 780 (φ
1765 753 1870 777 omnes

1077 795 1198 833 inimici
1224 796 1272 833 tui
1294 794 1480 840 interibunt,
1549 798 1611 836 Tu
1626 809 1768 842 autem,
1782 800 1869 840 Vir-

1077 867 1129 908 go
1167 853 1377 893 Beatiffima
1408 858 1414 892 !
1451 863 1535 908 quae
1563 852 1587 894 a
1616 858 1648 895 S.
1668 857 1871 896 Germano

1077 913 1308 968 Interemptrix
1322 911 1552 951 malediffiom's
1562 938 1572 957 ‚
1605 911 1626 952 a
1639 914 1690 954 D.
1701 916 1869 955 Lauren-

1076 972 1132 1010 tio
1142 969 1726 1027 JustinianoInteremptrixpeccati,
1734 971 1868 1014 &Divo

1075 1028 1233 1069 tandem
1246 1030 1508 1084 Hieronymo,
1525 1035 1565 1070 &
1578 1032 1753 1086 Ruperto
1765 1031 1870 1071 Inter*

1075 1088 1214 1144 emptrix
1233 1088 1327 1128 unica
1346 1087 1498 1142 univerfie
1526 1087 1671 1127 haerecicae
1684 1090 1868 1146 pravitatis

1076 1145 1213 1186 diceris
1234 1175 1244 1192 ‚
1277 1160 1361 1201 quae
1388 1145 1541 1186 hostem
1563 1158 1767 1188 tartareum
1785 1148 1870 1205 glo-

1079 1203 1268 1245 riosissime
1303 1203 1546 1251 interfecisti,
1578 1219 1693 1260 atque
1728 1210 1769 1246 in
1807 1223 1869 1248 ca-

1076 1266 1155 1319 pite
1167 1277 1240 1304 tuae
1259 1265 1542 1319 Conceptionis
1552 1265 1752 1320 puriffima‚
1768 1270 1870 1323 capi-

1076 1324 1106 1360 ti
1145 1317 1340 1361 infernalis
1376 1321 1604 1362 Abimelech
1643 1324 1872 1366 immedica-

1079 1375 1157 1419 bile
1178 1378 1313 1419 vulnus
1334 1379 1486 1426 illisisti,
1517 1378 1644 1427 effice,
1674 1395 1716 1422 ut
1738 1389 1778 1424 &
1797 1399 1870 1425 nos

1078 1433 1271 1492 frequenti
1291 1437 1460 1478 hostium
1484 1438 1731 1480 infernalium
1756 1441 1870 1483 instil-

1079 1498 1133 1536 tui
1170 1497 1309 1552 jugiter
1336 1493 1499 1538 refistere
1522 1527 1532 1543 ,
1572 1497 1762 1553 armisque
1781 1502 1869 1541 Μᾶ-Ἴ

1079 1566 1197 1594 ternae
1240 1569 1311 1595 tuae
1366 1557 1613 1612 protectionis
1661 1557 1831 1599 instruffi
1856 1589 1868 1606 ‚

1076 1612 1239 1670 dignam
1268 1613 1316 1654 de
1351 1617 1466 1654 tantis
1496 1614 1712 1669 adversarijs
1747 1619 1867 1658 vieto-

1077 1674 1173 1712 riam
1194 1701 1203 1717 ,
1235 1671 1492 1729 applaudente
1513 1673 1631 1716 Coelo
1654 1703 1666 1721 ‚
1697 1689 1869 1732 reporta-

1075 1744 1115 1773 re
1126 1729 1328 1775 valeamus.

1263 1821 1303 1874 ἒ.
1319 1827 1368 1869 2.
1394 1808 1694 1867 Authoritas.

1074 1906 1273 1968 Delpara
1299 1912 1399 1955 sIne
1423 1905 1567 1957 VLLa
1593 1906 1711 1955 Labe
1735 1909 1867 1958 Con-

1122 1982 1264 2040 Cepta
1284 2012 1297 2034 ‚
1347 1975 1659 2027 aCOnCILIo
1678 1977 1815 2040 Ephe-

1282 2052 1391 2096 sIno
1417 2052 1674 2097 InDICata.

1071 2134 1174 2170 sacra
1198 2129 1344 2185 Deipara
1372 2129 1475 2167 MA
1482 2130 1556 2183 RI
1559 2130 1600 2167 A
1622 2129 1656 2168 in
1687 2144 1784 2169 unum
1809 2147 1863 2170 nos

1129 2187 1228 2243 coegit
1248 2203 1258 2225 .·
1288 2188 1371 2226 Haec
1390 2186 1570 2243 impolluttos
1584 2216 1593 2232 ,
1637 2195 1676 2229 &²
1698 2198 1803 2244 purus
1823 2189 1865 2228 il·-

1126 2245 1155 2286 le
1175 2244 1338 2302 impollutae
1363 2245 1573 2301 Virginitatbf
1592 2243 1779 2300 thesaurus,
1809 2247 1863 2287 de-

1127 2305 1243 2359 cmq'ue
1267 2311 1348 2366 5&
1376 2318 1617 2342 ornamentum:
1657 2304 1720 2343 haec
1731 2304 1864 2361 spiritu-

1128 2363 1191 2402 alv's
1206 2360 1336 2417 secundi
1354 2360 1481 2401 Adami
1502 2359 1702 2418 paradism:
1731 2364 1793 2403 haec
1811 2381 1863 2404 re-

1128 2420 1359 2461 conciliationis
1380 2420 1538 2473 fizlucartsss
1568 2421 1743 2477 panegyris
1817 2425 1862 2463 In

1128 2478 1239 2520 affib.
1253 2476 1409 2522 Concil.
1421 2477 1558 2534 Ephes·
1571 2482 1688 2520 Tom.
1706 2486 1740 2520 6.
1751 2496 1785 2521 c.
1797 2497 1835 2535 7.

1341 2635 1352 2645 .
1405 2633 1416 2644 .
1451 2590 1630 2657 Ratio.

1107 2690 1218 2736 DEI
1262 2596 1696 2738 eggeLL-entla
1728 2719 1744 2742 ,
1800 2682 1825 2737 ὲ

1377 2763 1567 2806 Matre.

994 2841 1020 2885 d
1072 2843 1282 2969 QUod
1311 2845 1520 2887 secundum
1556 2841 1589 2884 se
1607 2842 1714 2884 affert
1735 2844 1863 2885 excel.

1219 2903 1380 2955 lentiam
1395 2899 1532 2958 DEO,
1573 2907 1613 2943 δε
1632 2904 1744 2958 ponit
1765 2917 1863 2943 con-

1069 2965 1307 3002 venientiam
1338 2964 1379 3000 in
1401 2962 1478 3014 ejus
1520 2962 1673 3005 Matre,
1705 2975 1777 3000 nec
1805 2977 1862 3001 re·

1071 3030 1217 3076 pugnat
1238 3019 1519 3074 Redemptioni
1542 3022 1657 3060 totius
1681 3017 1863 3061 humana:

1071 3085 1235 3121 naturae,
1268 3077 1307 3116 id
1327 3075 1495 3117 omnino
1527 3075 1765 3118 asserendum
1793 3078 1859 3119 est.

1068 3134 1142 3177 Sed
1180 3135 1351 3175 Matrem
1379 3133 1482 3176 fuisse
1514 3135 1775 3193 praeservatam
1811 3136 1859 3177 ab

1176 3190 1209 3231 L
1241 3205 1262 3243 3
1742 3206 1829 3234 oma

1889 901 1921 927 In
1949 900 2041 929 Mario

1890 941 1926 969 al.
1938 940 2041 982 stagnis„

1892 1000 1953 1028 Lib.
1964 1001 1998 1028 de

1888 1043 1952 1069 cast·
1974 1052 2042 1072 con²

1889 1083 1957 1113 nub.

1890 1135 2018 1164 Sermde

1887 1174 2007 1214 assump.

1891 1229 2043 1260 lai-coum⁵

1892 1279 2017 1299 menam

1890 1321 1968 1342 cant.
