2169 3496
752 39 994 123 Epistola
1020 39 1390 104 Dedicatoria.

145 143 253 192 dem
271 138 462 190 subinde
483 143 607 192 notis
626 176 640 201 ,
676 140 750 191 [εά
774 157 876 190 non
896 141 992 190 sine
1014 145 1223 191 criminis
1254 157 1517 192 atramento
1541 156 1555 193 z
1586 147 1723 194 restas
1746 149 1989 199 Virtutum

146 214 307 270 lineas,
337 211 412 260 sed
433 215 554 262 vitiis
574 216 911 276 interpunfitas:
933 215 1036 261 vitae
1062 213 1240 260 calamo
1256 245 1272 266 ,
1310 213 1383 261 sed
1404 212 1654 262 chara-stete
1679 221 1839 266 mortis
1860 239 1871 274 3
1907 215 1990 268 ‘Tu

146 281 257 331 vero
276 282 368 330 sola
382 315 396 339 ‚
432 298 516 330 ceu
536 278 680 332 Liber
698 286 747 330 in
765 283 912 344 proelo
931 284 1099 329 amoris
1121 285 1283 331 Divini
1300 286 1350 330 in
1371 287 1523 347 primo
1541 286 1722 333 instanti
1738 287 1988 350 impressus,

143 349 251 401 licet
276 367 519 416 nunquam
547 355 682 401 fuerit
712 354 912 400 corre&a
941 354 1088 415 prima
1119 353 1195 399 illa
1222 352 1362 401 editio
1400 351 1515 402 ‘Tm
1535 388 1550 412 ‚
1587 355 1901 405 correstiss'ima
1924 373 1990 406 ta-

143 439 255 472 men
273 422 474 486 prodiisti
498 457 512 481 ,
548 423 772 471 beneficio
790 414 945 469 Scriba
969 455 984 479 ,
1027 435 1123 469 tam
1147 422 1360 479 feliciter,
1394 423 1533 486 quam
1562 420 1781 474 velociter
1780 422 1990 493 scriben-

141 491 224 550 tis,
247 510 298 541 ac
319 491 605 541 inscribentis
629 496 719 541 VE
735 494 827 538 RB
841 497 878 539 U
892 495 944 538 M
981 495 1055 539 VI
1071 493 1112 538 T
1131 495 1187 538 AE
1210 507 1268 538 ex
1293 487 1365 540 Ἦ»
1382 492 1685 553 nasciturum,
1722 500 1872 544 omnis
1891 512 1991 546 ma.

143 564 278 621 culae,
303 560 567 626 mortisque
596 560 898 610 exclusivum.
970 563 1113 624 Cujus
1137 564 1277 608 etiam
1307 556 1445 610 Libri
1469 577 1521 610 ut
1542 563 1769 613 character
1800 567 1990 615 nitidior

140 632 285 700 magis
304 634 558 698 legentium
577 635 789 679 invitaret
814 629 977 678 oculos
1002 664 1018 688 ‚
1069 631 1260 693 Typum
1288 631 1492 680 adhibuit
1518 650 1710 682 aureum
1738 634 1988 697 purissimus

139 707 317 760 Amor,
336 711 383 750 ὃς
403 701 694 751 membranas
717 702 955 764 Virgineas
972 734 986 758 ,
1020 715 1115 748 tam
1135 703 1186 747 in
1205 705 1529 763 Conceptione
1548 704 1781 764 candidas,
1818 721 1870 754 ut
1894 712 1990 771 Ag.

139 789 227 823 nus
248 772 412 837 absque
439 768 615 834 macula
645 770 780 819 suuni
799 770 906 818 inde
927 768 1226 832 postmodum
1255 773 1411 820 Velius
1432 773 1671 828 assumere,
1700 774 1989 840 mundoque,

137 857 336 909 quantus
355 841 415 889 est
438 846 564 890 DEus
577 876 591 900 ,
629 856 895 904 comparere
914 856 972 889 ex
1001 837 1072 889 Te
1095 842 1307 888 voluerit.
1394 842 1591 890 Tametsi
1611 849 1736 892 enim
1755 847 1864 894 tales
1883 850 1988 911 qui-

137 907 243 962 dem
265 913 352 959 fint
373 913 552 976 reliquae
569 926 734 959 omnes
759 925 998 969 creaturae,
1034 925 1085 958 ut
1107 926 1267 959 earum
1291 910 1501 976 quaelibet
1519 914 1719 977 aliquam
1746 913 1905 964 saltem
1930 916 1987 965 de

137 987 359 1035 Summo,
397 999 447 1030 ac
466 985 644 1030 Divino
669 986 805 1028 Bono
829 980 962 1029 nobis
984 984 1201 1029 notitiam
1221 985 1425 1045 ingerat,
1464 981 1602 1040 adeo,
1624 999 1675 1032 ut
1689 1000 1766 1047 per
1788 1002 1863 1040 ea,
1885 1002 1985 1050 quae

135 1053 247 1101 faCta
269 1051 399 1111 sunt,
437 1049 675 1100 Pastorem
694 1050 843 1114 ipsum
869 1051 952 1099 suo
977 1052 1125 1099 modo
1147 1050 1405 1114 conspicere
1435 1053 1699 1116 frequenter
1729 1055 1986 1105 admodum

133 1124 390 1182 valeamus,
426 1121 578 1187 ficciue
602 1118 806 1169 eMundi
828 1122 1006 1169 caducis
1028 1126 1118 1169 DE1
1141 1124 1442 1179 Firmitatem,
1463 1118 1487 1170 ἐ
1509 1129 1812 1185 temporaneis
1834 1130 1986 1174 AEter.

132 1196 350 1251 nitatem,
388 1189 693 1241 Potentiama
715 1194 970 1249 creatione,
1007 1196 1271 1240 Bonitatem
1291 1190 1314 1239 a
1335 1191 1710 1251 conservatione,
1736 1197 1986 1244 Providen-

130 1267 245 1311 tiam
270 1262 546 1311 concludere
568 1257 783 1325 poffimus
809 1259 1096 1326 aregimine:
1132 1260 1357 1324 Qamvis
1375 1264 1514 1310 etiam
1533 1266 1629 1311 talis
1649 1264 1701 1311 fit
1723 1259 1866 1313 Liber
1883 1267 1983 1325 ille,

131 1348 274 1398 quem
293 1338 428 1382 Sacrae
443 1336 680 1395 Scripturae
702 1334 898 1385 nomine
915 1328 1084 1377 merito
1108 1347 1454 1393 nuncupamus,
1484 1347 1535 1380 ut
1557 1335 1632 1380 vel
1647 1336 1696 1380 in
1720 1351 1777 1381 eo
1802 1333 1900 1383 solo
1922 1338 1984 1383 le-

130 1419 238 1469 gere
263 1403 394 1451 detur
414 1407 646 1458 DEuM,
683 1398 985 1464 Ejusde'rnque
1011 1416 1111 1447 non
1139 1398 1323 1447 tantum
1353 1403 1580 1464 Magnalia
1598 1435 1612 1454 ,
1660 1403 1821 1450 verum
1843 1410 1983 1454 eiiam

129 1472 391 1522 Attributa:
415 1485 450 1518 E.
471 1485 516 1520 G.
549 1474 745 1519 Divitias
761 1485 895 1533 atque
913 1473 1174 1517 Potentiam
1193 1472 1243 1516 in
1265 1471 1462 1527 Genesi,
1499 1474 1549 1518 in
1573 1472 1738 1519 Exodo
1759 1477 1983 1522 Ciemcn-

127 1545 241 1592 tiam
262 1577 277 1601 ,
316 1543 614 1608 Religionem
641 1545 692 1588 in
727 1542 937 1588 Levitico
955 1572 969 1593 ,
1026 1543 1296 1588 Patientiam
1321 1544 1368 1587 in
1390 1540 1536 1610 Jobo,
1574 1543 1913 1592 Fortitudinem
1932 1548 1982 1593 in

126 1612 261 1685 Josue
277 1647 294 1673 ,
319 1614 542 1685 Justitiam
564 1615 612 1659 in
635 1610 868 1676 Regibus,
905 1612 1195 1659 Sanffltatem
1220 1613 1268 1657 in
1297 1610 1475 1658 Davide
1493 1645 1508 1668 ,
1547 1616 1818 1672 Sapientiam
1842 1620 1890 1662 in
1910 1620 1982 1664 Sa-

127 1686 350 1742 lomene,
380 1683 724 1733 Providentiam
745 1684 793 1728 in
814 1679 1049 1742 Prophetis
1071 1688 1158 1729 ὅτε.
1234 1684 1287 1727 In
1310 1675 1381 1728 ‘Te
1399 1680 1731 1740 nihilominus,
1753 1681 1981 1733 Pulcher-

126 1751 256 1804 rima
272 1757 394 1804 inter
415 1747 653 1810 mulieres,
689 1754 932 1800 VIRGO
969 1750 1489 1800 iMMACuLATA!
1521 1751 1649 1800 velut
1675 1755 1725 1800 in
1753 1768 1979 1818 compen-

125 1824 228 1883 dio,
264 1824 358 1873 sine
381 1826 585 1872 minimo
614 1823 764 1887 gratiae
785 1820 1045 1884 dispendio,
1086 1824 1316 1869 contineri
1342 1819 1436 1868 haec
1457 1826 1645 1880 omnia,
1682 1839 1862 1872 certum
1886 1825 1975 1880 est,

124 1913 206 1960 per
233 1899 429 1944 unicum
453 1894 565 1942 illud
595 1887 796 1962 Verbum
816 1926 830 1949 ,
873 1891 1000 1954 quod
1030 1894 1242 1938 continet
1274 1894 1435 1938 omnia
1465 1912 1477 1947 ;
1529 1888 1610 1939 ‘Tu
1641 1897 1770 1942 enim
1795 1911 1840 1942 es
1863 1911 1976 1959 prae-

125 1968 240 2015 clara
280 1967 355 2013 illa
391 1959 635 2028 ipsiusmet*
664 1962 908 2011 Munditiei
937 1994 952 2015 ,
1010 1977 1061 2009 ac
1085 1964 1334 2010 sanctitatis
1362 1963 1643 2024 primigeniae
1671 1963 1835 2028 effigies
1854 1998 1871 2018 ,
1919 1966 1974 2015 ad

124 2040 251 2100 quus
274 2036 475 2083 formam
491 2038 647 2083 Virtus
674 2034 909 2087 colorem,
947 2036 1073 2079 Di-:us
1093 2033 1391 2094 penicillum,
1427 2032 1638 2080 umbram
1662 2037 1845 2096 Spiritus
1868 2041 1975 2084 San-

124 2111 220 2155 &cus
242 2106 566 2155 contulerunt:
589 2107 661 2152 cui
691 2119 774 2166 pro
805 2102 1024 2166 dignitate
1057 2102 1332 2150 exornandae
1365 2117 1462 2149 non
1487 2118 1607 2151 unus
1633 2108 1753 2152 DEI
1773 2105 1970 2170 digitus,

124 2176 196 2226 sed
226 2191 322 2224 tota
343 2175 888 2224 AUGUSTISSIMAE
933 2174 1265 2221 TRIADOS
1294 2187 1459 2220 manus
1481 2206 1495 2229 ,
1545 2169 1713 2222 Patris
1732 2180 1967 2237 potentia,

125 2242 262 2296 Nati
288 2248 536 2308 Sapientia,
574 2250 725 2291 Amor
728 2240 891 2311 fimat
907 2234 1103 2311 Spiritds
1121 2277 1137 2301 ,
1181 2239 1430 2291 communi
1458 2242 1838 2293 machinamento
1855 2280 1871 2304 ,
1908 2241 1970 2296 ab

121 2315 284 2370 initio,
321 2314 385 2373 Εἴ
406 2325 518 2362 ante
542 2307 710 2363 Saenia
735 2313 945 2361 incubuit
966 2329 978 2360 z
1014 2321 1073 2362 Ut
1094 2312 1211 2361 nihil
1234 2310 1436 2361 omnino
1455 2315 1635 2375 reperiri
1660 2311 1790 2377 possit
1811 2318 1970 2365 Virtu-

120 2391 176 2437 tis
206 2390 255 2435 in
284 2386 475 2435 homine
497 2420 510 2442 ,
556 2385 844 2447 perfeetionis
876 2387 925 2430 in
956 2385 1142 2449 Angelo
1165 2416 1182 2437 ,
1238 2385 1312 2432 vel
1331 2384 1614 2431 excellentiae
1645 2383 1744 2446 post
1770 2389 1965 2441 DEuM,

118 2458 247 2524 quod
273 2471 375 2505 non
406 2450 538 2519 plena
558 2469 702 2502 manu
718 2457 768 2501 in
791 2446 862 2502 ‘Te
880 2452 974 2516 Ipse
993 2453 1260 2519 congesserit
1279 2486 1295 2508 ,
1331 2453 1448 2501 nihil
1470 2452 1771 2503 deformitatis
1795 2458 1845 2504 in
1872 2473 1969 2505 ere-

120 2529 209 2583 bo,
243 2528 487 2590 impietatis
506 2528 556 2572 in
573 2524 776 2582 mundo,
813 2528 1040 2586 pravitatis
1063 2523 1304 2588 quondam
1327 2526 1377 2571 in
1398 2525 1564 2577 Coelo,
1600 2525 1724 2587 quod
1742 2541 1842 2573 non
1862 2542 1968 2575 om-

120 2602 170 2648 ni
186 2593 426 2646 custodiaa
449 2590 621 2657 ‘I'Z’ipse
643 2598 883 2643 averterit:
909 2589 991 2643 Tu
1003 2610 1049 2643 es
1068 2594 1221 2643 charta
1241 2595 1314 2642 illa
1334 2596 1548 2659 Virginea
1565 2593 1968 2652 candidiffima‚cui

119 2683 431 2733 perennaturae
451 2669 570 2729 pacis
597 2667 812 2714 articulos
837 2665 1071 2728 placatum
1095 2668 1293 2713 Numen
1321 2663 1550 2726 inscripsit.
1660 2662 1741 2713 ‘Tu
1767 2666 1967 2729 denique

121 2733 264 2787 Liber
284 2753 328 2786 es
345 2735 724 2798 incomparabilis,
748 2733 868 2783 haud
887 2733 1125 2784 immerito
1144 2732 1357 2785 Censuris
1376 2730 1701 2796 praeclariss'imis
1717 2749 1965 2784 commen-

119 2810 270 2865 datus,
290 2823 430 2871 quem
451 2805 688 2868 reprobare
708 2819 852 2852 nemo
867 2804 1014 2868 potest
1031 2838 1046 2862 ,
1073 2804 1155 2852 nifi
1182 2804 1417 2867 reprobus.
1489 2808 1546 2852 Et
1564 2800 1666 2850 sane
1684 2800 1847 2852 Coetus
1863 2809 1965 2853 An-

117 2880 254 2945 gelici
275 2876 554 2939 Coryphaeus
572 2876 785 2932 Gabriel,
806 2873 918 2923 dum
926 2868 1096 2944 gratie}
1109 2869 1305 2942 plenam
1325 2876 1393 2922 TE
1415 2874 1690 2926 enuntiavit,
1705 2872 1816 2936 quid
1841 2874 1965 2923 aliud

117 2952 252 3005 fecit,
284 2944 424 3011 quam
441 2943 565 3009 quod
593 2942 748 2994 omnis
769 2939 881 2993 ‘Tibi
907 2944 1049 2994 laudis
1083 2947 1365 3008 praetexuerit
1400 2944 1689 3004 Epitomen?
1727 2941 1964 3006 Perspicax

119 3019 281 3068 deinde
310 3017 473 3082 Aquila
502 3020 721 3087 joannes,
757 3013 837 3062 ubi
867 3010 938 3062 ‘sb
958 3030 1017 3062 ex
1046 3018 1244 3064 Domini
1265 3013 1561 3061 Testamento
1583 3014 1753 3075 recepit
1775 3015 1825 3060 in
1860 3012 1961 3071 sua,

120 3085 280 3139 nonne
298 3101 490 3137 conatus
511 3084 571 3134 est
590 3086 781 3149 quidem
801 3082 1050 3135 describere
1059 3078 1296 3217 (Libgum,
1320 3089 1367 3130 &
1383 3079 1567 3131 exorsus
1591 3078 1614 3129 ὲ
1638 3085 1805 3145 capite,
1823 3081 1962 3199 scrip-

1091 3170 1115 3202 a
1144 3167 1161 3210 3
1925 3167 1961 3202 it
