2159 3508
49 355 112 384 ις.
131 354 209 382 v-30.

55 533 78 554 c.
90 530 135 553 6.0
145 534 168 553 v·
183 534 211 552 ι..

57 878 145 904 Serm.
154 876 182 903 in

59 916 142 945 illud.-
154 918 216 957 Siga

60 967 127 986 num

61 1007 210 1039 maguum·

60 1280 155 1319 Ephes.
170 1285 195 1318 ς.

786 58 1108 147 Conceptus
1165 55 1334 126 XCH.

217 172 303 206 cam
316 169 362 208 M
374 183 399 208 A
412 182 436 208 R
450 183 462 208 1
475 183 499 208 A
513 182 544 208 M
554 166 579 206 s1
592 168 757 223 excipias
772 172 781 215 )
804 164 1010 206 miserrime

221 225 487 267 involventem
505 239 515 266 .>
546 224 748 281 praesertim
761 227 851 264 cum
863 224 941 264 hoc
955 226 1012 278 ip-

224 281 304 322 sum
319 283 402 325 satis
416 283 593 325 indicasse
612 283 783 324 videatur
795 281 901 322 Isaias
913 311 923 327 ‚
955 282 1013 321 di-

226 343 379 383 cendo:
407 343 603 399 Aspiciemm
631 342 666 381 in
691 356 832 387 terram,
865 348 903 382 (9¹
923 340 1013 378 ecce!

227 401 357 440 tenebrae
382 401 600 441 tribulationis
628 429 638 445 ‚
665 407 703 442 ὠ·
724 399 784 438 lux
814 396 1016 438 obtenebrata

226 459 266 513 est
287 460 319 498 in
328 460 460 516 caligine
469 461 547 514 ejus.
575 457 681 512 quod
703 456 792 497 alibi
804 455 939 497 clarius
951 469 1016 495 ex-

224 515 363 572 plicat,
396 519 453 557 his
477 515 629 559 verbis:
669 517 753 554 Ecce
786 513 917 554 tenebrae
946 524 1016 570 ope-

226 576 308 614 rient
327 590 446 620 terram
459 604 470 621 ‚
499 583 538 617 ὠ·
563 574 663 629 caligo
678 573 829 629 populos:
853 571 950 628 ficper
967 573 1015 609 Te

225 648 331 672 autem
375 635 492 673 orietur
512 633 769 671 DOMlNu
779 634 818 676 S,
849 637 888 672 ὠ·
911 629 1018 685 gloria

225 693 294 745 ejm
325 692 358 731 in
396 706 426 730 te
447 689 619 731 videbitur.
681 688 801 730 Porro
850 687 928 728 hoc
969 686 1018 727 de

229 752 277 790 M
300 764 323 788 A
348 764 372 789 R
392 764 404 788 1
432 765 456 789 A
478 747 686 805 specialiter
720 744 1020 802 intelligendum

232 806 316 853 esse,
326 823 372 848 ex
388 806 460 847 illis
472 810 566 849 Divi
587 805 772 846 Bernardi
785 805 906 845 verbis
920 802 1022 844 clare

231 869 498 907 convincitur:
529 867 623 919 Cujus
651 869 814 920 (nempe
836 865 1019 911 Mirm.)

233 926 338 963 omnia
352 939 418 963 tam
439 923 622 963 excellenter
644 922 805 962 irradiata
831 921 997 976 nofiuntur
1010 949 1021 966 ‚

232 997 268 1022 ut
278 982 356 1021 nihil
374 983 409 1021 in
427 981 464 1020 ed*
480 1011 490 1027 ,
529 996 590 1020 non
612 980 679 1020 dico
712 979 902 1035 tenebroficm
924 1008 935 1024 ‚
965 977 1026 1033 fid

231 1040 269 1079 n&
294 1039 452 1096 obfturum
466 1039 584 1096 saltem
601 1068 610 1084 ,
637 1039 694 1079 vel
717 1038 820 1078 mimis
831 1036 1022 1092 tenebrosum

230 1097 355 1155 aliquid
381 1099 476 1138 lice'ac
496 1098 659 1154 ficspicari.
717 1099 825 1137 Hinc
847 1093 1023 1150 quamvis

229 1157 278 1196 de
290 1158 441 1212 reliquis
461 1156 664 1199 omnibus,
691 1155 773 1212 ipsis
793 1157 911 1195 etiam
929 1157 1022 1196 San-

230 1215 393 1256 c‘tiffimis
410 1214 634 1255 hominibus
656 1238 667 1259 -‚
698 1213 912 1255 verificetur
926 1211 1022 1253 illud

232 1273 359 1314 Pauli.-
390 1275 505 1314 Eram
538 1271 711 1329 aliquando
737 1271 868 1311 tenebre
893 1288 906 1316 3
940 1285 1022 1310 nunc

227 1348 338 1372 autem
363 1332 423 1371 lux
447 1333 480 1371 in
509 1333 670 1377 Domin03
702 1344 836 1371 tamen
874 1333 916 1370 in
935 1328 1018 1385 ipfis

226 1392 304 1444 jam
320 1390 476 1435 tenebris,
508 1389 586 1431 sola
615 1388 767 1433 lucebat
794 1385 916 1428 MAR
932 1401 985 1427 1A
1008 1404 1018 1433 ς

228 1452 316 1503 quia
331 1449 407 1488 fine
432 1447 517 1489 labe
529 1461 729 1503 concepta.
793 1446 936 1487 Videre
946 1447 1021 1486 mi-

193 1556 196 1557 ⁷
229 1507 271 1546 hi
297 1506 361 1547 hle
379 1506 513 1547 videor
534 1508 720 1562 pictorem
735 1503 925 1559 aliquem,
955 1517 1020 1544 va-

71 2461 115 2499 Jo.
124 2466 215 2497 ,zv-w.

229 1569 301 1605 rias
325 1569 365 1605 in
384 1563 458 1605 tela
479 1564 688 1605 hominum
709 1563 844 1619 figuras
860 1586 872 1608 3
902 1560 1022 1603 veluti

232 1625 346 1664 noete
357 1622 525 1678 quadam
536 1621 694 1664 obscuri
714 1618 1023 1666 obambulantes,

230 1679 523 1728 effmmanrem,
553 1695 714 1736 quarum
743 1679 825 1720 aliae
846 1677 967 1720 latent
985 1680 1027 1718 in

231 1755 359 1796 opaco
378 1769 388 1786 ‚
419 1740 501 1780 aliae
516 1754 592 1796 prae
611 1752 695 1780 atro
710 1740 774 1780 vix
784 1736 1027 1794 conspiciun-

232 1813 294 1839 tur
307 1828 317 1844 ,
349 1797 431 1839 alix
440 1798 489 1840 ad
501 1796 762 1855 crepusculum
776 1795 893 1839 veluti
904 1810 1027 1836 emer-

235 1871 334 1913 gunt
356 1872 437 1898 non
454 1856 570 1897 nihil:
603 1856 712 1897 addit
737 1853 870 1913 postea
891 1853 956 1896 ille
972 1868 1029 1895 ra-

234 1917 320 1956 dios
358 1915 549 1971 quosdam
571 1914 716 1956 Solares
731 1940 743 1958 ‚
775 1911 914 1954 enube
934 1926 1030 1954 con-

234 1972 352 2014 densa
363 1972 633 2031 effiilgurantes
649 2003 659 2020 ,
682 1971 802 2028 ijsqtie
817 1986 939 2013 unum
962 1969 1031 2012 ali-

239 2047 357 2087 quem
396 2032 601 2073 hominem
620 2062 632 2079 ,
663 2035 806 2072 mirum
841 2031 1031 2085 quantum

237 2090 420 2132 illustrem
434 2120 445 2137 ‚
475 2102 519 2132 ac
533 2090 690 2137 clarum,
713 2087 955 2147 speciabilem
972 2087 1028 2129 fa-

235 2153 302 2190 cit.
361 2149 484 2191 Simili
505 2154 611 2190 enim
649 2152 799 2189 ratione
847 2147 1030 2188 formavit

239 2210 377 2249 DEus
392 2237 403 2254 ‚
417 2262 419 2264 q
435 2211 474 2248 in
495 2208 630 2248 tenebris
650 2207 773 2263 culpae
792 2204 989 2263 originalis
1013 2234 1024 2252 ,

242 2270 284 2306 in
304 2266 494 2307 mundum
507 2293 518 2310 ‚
544 2282 616 2307 ceu
637 2266 812 2307 chartam
826 2295 836 2312 ,
865 2263 1034 2305 telamve

244 2324 559 2382 Geographicam
570 2354 580 2371 ‚
608 2323 747 2365 multas
759 2323 926 2365 omnino
939 2322 1034 2379 figu-

230 2398 312 2429 ras,
345 2390 520 2425 &tantas
535 2383 705 2438 quidem,
734 2396 830 2437 quot
845 2394 965 2428 erant,
995 2386 1036 2423 &

243 2440 328 2482 sunt
350 2442 551 2487 homine53
584 2440 682 2482 adeo
705 2443 888 2481 nimirum
916 2439 1038 2479 dilexe-

244 2514 320 2540 runt
349 2499 486 2540 homines
507 2502 608 2556 magis
627 2499 779 2545 tenebras,
807 2499 902 2555 qutim
928 2498 1036 2537 lucem.

244 2559 395 2599 fuerant
414 2572 544 2599 autem
564 2556 783 2603 nonnullae‚
812 2564 852 2598 ὃς
866 2555 1038 2612 profecto

246 2620 375 2674 potior
404 2630 536 2657 earum
572 2630 653 2672 pars
673 2645 684 2662 ,
711 2630 816 2661 atro,
848 2621 888 2657 ὃς
908 2629 1033 2670 opaco

247 2677 398 2731 penitus
445 2673 663 2718 obvolutae,
694 2673 770 2715 illae
810 2676 994 2714 nimirum
1024 2702 1035 2719 ‚

247 2748 330 2788 quae
352 2747 574 2791 conceptae,
603 2731 781 2788 nataei'1ue
796 2731 933 2773 suntin
949 2746 1037 2788 pec-

248 2806 336 2832 cato
350 2820 358 2836 ,
380 2791 532 2847 quales,
557 2792 635 2833 heu
646 2790 788 2832 mileti!
828 2790 949 2831 sumus
970 2805 1041 2830 nos

249 2865 406 2890 omnes:
438 2849 521 2891 aliae
531 2854 572 2891 in
588 2849 754 2891 tenebris
770 2852 930 2906 partim,
957 2863 1040 2905 par-

251 2911 324 2948 tim
339 2911 379 2948 in
390 2907 610 2964 crepusculo
632 2907 893 2952 versabantur,
925 2906 1042 2949 veluti

252 2968 470 3007 Hieremias
492 2965 557 3007 ille
577 2996 589 3012 ,
621 2966 794 3010 &Verbi
815 2981 892 3007 vox
923 2971 1042 3018 Joan-

255 3040 342 3065 nes:
376 3028 558 3080 concepti
595 3025 758 3079 quidem
803 3027 846 3063 in
872 3023 1008 3064 tenebris
1030 3049 1044 3067 ‚

256 3087 337 3124 nati
357 3096 488 3125 tamen
508 3086 549 3123 in
570 3081 664 3124 luce.
693 3082 768 3126 Sed
788 3084 955 3126 Mirm,
987 3080 1044 3123 fu-

1061 169 1132 207 erit
1157 165 1248 207 licet
1267 169 1307 205 in
1335 161 1411 204 teli
1440 161 1507 203 ista
1534 162 1682 218 peccati
1724 153 1859 199 tenebra}

1062 224 1230 265 obduc'tcl
1270 225 1382 276 (quia
1409 235 1595 275 tanquam
1617 219 1758 260 Adami
1787 231 1856 273 po-

1063 282 1158 323 stera
1181 312 1192 328 ,
1239 280 1414 321 debitum
1463 283 1581 319 etiam
1620 276 1858 317 obscuritatis

1064 345 1331 388 contraxerat)
1369 337 1439 378 fuit
1459 351 1591 377 tamen
1604 335 1652 376 ab
1667 331 1856 376 immenso

1064 398 1156 444 illo,
1185 398 1537 452 incircumscripto,
1569 408 1739 438 aeterno,
1772 390 1857 432 nul·

1064 456 1168 512 lione
1204 455 1313 496 alteri
1335 470 1435 511 purae
1473 466 1654 493 creatura:
1682 449 1827 492 accesso
1845 478 1856 494 ,

1065 513 1228 570 eamc‘lue
1244 513 1292 554 ab
1317 511 1431 553 omni
1445 517 1563 552 etiam
1586 510 1749 550 minimi
1764 522 1858 564 opa-

1065 577 1194 616 citate,
1210 587 1254 613 ac
1265 571 1430 627 caligine
1445 569 1690 626 praeservante
1713 567 1876 616 lumine,

1066 629 1165 672 adeo
1177 628 1340 686 perfecte
1351 629 1549 673 irradiata,
1580 626 1786 671 illustrata,
1817 639 1862 665 ac

1067 688 1258 734 serenata>
1278 702 1320 729 ut
1331 690 1444 728 unica
1463 684 1590 729 &sola
1602 714 1612 730 ‚
1645 689 1685 724 in
1699 683 1783 724 tota
1798 681 1861 723 ist-

1070 747 1146 788 hac
1163 746 1240 788 tel&
1264 750 1426 791 eniteat,
1455 750 1496 787 &
1514 742 1620 799 quasi
1641 743 1700 782 lux
1725 744 1757 781 in
1774 756 1861 781 tene-

1071 805 1137 846 bris
1162 805 1264 845 luceas
1288 834 1299 851 ,
1343 804 1365 844 ὲ
1391 802 1511 844 densis
1549 805 1697 859 peccati
1726 798 1862 840 tenebris

1072 867 1297 918 neutiquam
1327 861 1548 918 comprehensa
1610 858 1732 915 Qod
1756 858 1781 898 si
1806 856 1863 897 lu.

1073 921 1162 963 beat
1183 922 1283 961 lucem
1316 923 1474 961 Mirm
1496 921 1530 958 in
1548 917 1683 958 tenebris
1711 918 1863 956 lucentem

1073 983 1253 1021 attentius
1290 981 1510 1019 examinare
1539 992 1546 1014 ε
1587 975 1801 1018 videbimus
1823 978 1863 1013 in

1072 1039 1138 1079 illa
1160 1054 1243 1080 non
1283 1052 1400 1078 unam
1422 1037 1578 1077 tantum
1597 1063 1607 1079 ,
1650 1033 1711 1072 led
1735 1031 1864 1073 multi—

1071 1097 1213 1154 plicem
1246 1097 1355 1137 lucem.
1413 1094 1484 1136 fuit
1523 1096 1708 1134 nimirum
1745 1095 1786 1131 in
1821 1090 1867 1131 εὲι

1072 1157 1176 1196 lumen
1205 1157 1442 1211 cognitionis
1473 1166 1557 1193 tam
1591 1149 1823 1190 naturalium
1854 1177 1864 1194 ‚

1072 1213 1190 1270 quam
1215 1211 1422 1254 moralium
1449 1227 1457 1252 :
1493 1209 1600 1265 quod
1634 1206 1866 1249 deserviebat

1073 1272 1122 1313 ad
1151 1270 1454 1329 perfectiffirnam
1487 1272 1764 1324 Scripturarum
1782 1292 1792 1307 ‚
1821 1280 1866 1305 ac

1071 1330 1403 1386 Theologicarum
1419 1331 1622 1372 veritatum
1649 1324 1867 1381 intelligen-

1069 1392 1174 1430 tiam.
1205 1387 1277 1429 fuit
1300 1390 1340 1427 in
1356 1386 1399 1427 ea
1423 1386 1527 1425 lumen
1540 1383 1774 1440 prophetiam
1797 1396 1868 1423 un-

1070 1447 1118 1487 de
1131 1453 1171 1488 &
1181 1446 1276 1500 juffit
1287 1444 1517 1501 nuptialibus
1532 1445 1652 1484 Canae
1669 1440 1866 1482 ministris:

1070 1519 1155 1560 quae
1191 1508 1441 1559 imperaturus
1465 1505 1519 1542 eis
1540 1500 1640 1540 foret
1656 1498 1769 1539 Filius
1785 1528 1796 1544 ‚
1823 1497 1868 1538 il-

1070 1562 1150 1604 lico
1172 1562 1424 1620 perficerent,
1466 1557 1637 1617 praescia,
1669 1557 1718 1598 ad
1729 1560 1870 1614 primas

1074 1624 1213 1664 Matris
1233 1635 1362 1678 preces
1375 1649 1386 1666 ,
1418 1622 1588 1676 primum
1598 1616 1645 1657 ab
1659 1614 1737 1672 ipio
1757 1618 1871 1656 mira-

1076 1679 1209 1721 culum
1240 1678 1483 1735 patrandum.
1543 1678 1629 1716 Fuit
1649 1678 1690 1715 in
1705 1674 1750 1715 ea
1765 1675 1871 1713 lumen

1076 1740 1311 1780 Divinarum
1323 1734 1623 1779 revelationum,
1654 1739 1693 1775 &
1712 1732 1870 1789 Angeli-

1077 1811 1210 1838 carum
1230 1797 1520 1852 apparitionum
1541 1822 1552 1839 ‚
1579 1791 1716 1847 quibus
1735 1790 1806 1831 fuit
1816 1794 1872 1833 vi-

1077 1855 1186 1897 sitata
1197 1852 1346 1896 affidue.
1406 1852 1476 1893 Ille
1490 1849 1692 1908 praesertim
1710 1848 1873 1891 Gabrie:

1078 1911 1366 1970 lisArchangeli
1382 1940 1392 1957 ,
1426 1910 1532 1953 vultu
1549 1908 1797 1950 lucidissimo,
1824 1907 1874 1948 ad

1079 1974 1203 2014 MAR
1216 1987 1229 2012 1
1244 1985 1314 2012 AM
1346 1971 1585 2027 properantis
1606 1998 1615 2014 ‚
1647 1965 1810 2022 eamdue
1825 1966 1874 2007 de

1078 2031 1203 2073 modo
1233 2027 1474 2071 humanandi
1500 2026 1641 2071 Verbi,
1672 2031 1713 2068 ὃς
1747 2027 1876 2066 ι’ῐιπῐιὶ-4

1080 2092 1207 2130 nentis
1224 2089 1484 2131 Maternitatis
1504 2114 1515 2132 ‚
1554 2083 1655 2127 caste
1677 2083 1877 2127 edocentis

1079 2145 1242 2189 acceffiis
1257 2176 1268 2194 ,
1299 2145 1433 2187 nonne
1454 2145 1514 2185 lux
1529 2143 1616 2190 fuit,
1636 2141 1657 2183 ὲ
1670 2141 1791 2183 Coelis
1810 2141 1876 2181 de·-

1082 2205 1182 2264 lapsa
1201 2235 1213 2253 ,
1244 2204 1400 2246 illibatae
1426 2205 1578 2260 Virgini
1612 2200 1719 2257 super
1739 2214 1877 2242 ornnes

1083 2263 1251 2306 omnino
1280 2264 1462 2304 homines
1501 2258 1793 2302 illuminandae?
1826 2261 1879 2300 ita

1084 2323 1197 2370 sane3
1227 2323 1276 2364 fic
1289 2325 1396 2363 enim
1408 2321 1448 2362 id
1468 2322 1618 2376 accepit
1630 2320 1771 2374 Regius
1783 2318 1876 2357 Pro-

1086 2382 1226 2438 pheta,
1257 2383 1323 2436 qui
1347 2377 1586 2437 praenoscens
1612 2374 1808 2433 Angelicae
1830 2374 1877 2415 il·-

1087 2441 1158 2482 lius
1178 2439 1421 2482 salutationis
1437 2436 1614 2493 mysteria
1625 2465 1636 2482 ,
1666 2433 1786 2490 eac'lue
1801 2436 1876 2474 toti

1088 2498 1391 2555 proclamaturus
1437 2495 1587 2537 mundo
1611 2521 1623 2538 ,
1667 2508 1750 2533 non
1800 2490 1877 2532 alio

1086 2557 1205 2612 quam
1238 2555 1350 2597 clara:
1374 2555 1453 2594 luca·
1480 2583 1490 2600 ,
1540 2568 1584 2595 ac
1614 2551 1690 2593 diei
1719 2549 1800 2591 usus
1825 2548 1878 2589 est

1084 2613 1284 2672 symbolo,
1315 2613 1468 2655 dicens:
1495 2613 1575 2652 Dies
1593 2609 1654 2651 diei
1674 2610 1793 2650 eruffat
1803 2621 1879 2648 wer-

1087 2674 1161 2714 bum
1175 2703 1186 2720 ‚
1219 2682 1334 2717 &nox
1345 2673 1426 2713 ηοῐέἱ
1436 2671 1555 2711 indicat
1555 2669 1733 2725 fiiemiam.
1765 2666 1803 2706 id
1814 2665 1879 2707 est:

1088 2734 1192 2779 Dies,
1225 2729 1489 2787 Archangelus
1505 2757 1514 2774 ‚
1548 2728 1632 2769 luce
1653 2723 1883 2781 supernam-

1089 2791 1222 2833 ducstus
1251 2792 1461 2834 MARIAE,
1491 2787 1593 2828 Diei,
1635 2785 1731 2825 nofh's
1755 2782 1883 2838 nesciae,

1090 2851 1273 2891 eruc'kavit
1305 2847 1440 2889 verbum
1459 2875 1470 2892 ‚
1501 2847 1592 2885 cram
1624 2843 1751 2883 dixit:
1799 2842 1885 2880 Ecce

1091 2908 1240 2964 concipies
1274 2914 1313 2950 ὠ
1339 2907 1450 2963 paries
1472 2903 1626 2948 Filium3
1666 2914 1760 2942 tunc
1777 2903 1887 2941 enim

1091 2966 1217 3009 obviae
1230 2964 1297 3006 fibi
1317 2963 1401 3005 fiint
1435 2961 1564 3006 factae,
1595 2966 1635 3002 &
1670 2962 1711 2999 in
1731 2971 1885 2999 mutuos

1094 3024 1196 3066 ivere
1212 3021 1437 3080 complexus
1448 3049 1460 3066 ,
1493 3019 1557 3059 lux
1569 3033 1659 3060 curn
1671 3016 1754 3058 luce
1767 3046 1777 3062 ‚
1794 3030 1886 3061 cum

1096 3083 1158 3125 die
1188 3082 1298 3123 dies:
1329 3079 1394 3121 lux
1437 3080 1609 3134 puritatis
1660 3078 1845 3118 Marianae
1874 3103 1885 3119 ‚

1773 3145 1863 3173 oum

1902 2595 1969 2626 psal.
1981 2592 2030 2633 13.-

1902 2649 1928 2669 v·
1945 2647 1970 2674 3·
