2159 3508
68 1169 110 1202 De
119 1171 193 1202 verb·

71 1219 91 1257 ᾼ
98 1215 163 1251 post.

72 1258 145 1284 Serm
152 1265 199 1291 ›³4.

778 78 1098 165 Conceptus
1154 73 1337 143 XCV.

223 180 373 228 seritur,
403 181 691 239 praeexistebant
710 212 722 229 ‚
755 198 827 224 nec
850 184 1010 225 tandem

225 254 314 280 cum
331 239 456 296 pluvia
467 241 624 283 Coelesti
640 271 651 288 ‚
682 241 757 297 qua
768 255 866 283 terra
886 241 951 283 illa
963 245 1010 281 ir-

226 300 366 353 rigatur
388 328 400 345 ‚
430 300 615 341 decidunt
642 317 654 340 ε
685 306 725 342 &
758 299 1010 341 nihilominus

224 354 461 399 frumentum
493 357 623 414 postea
653 357 762 414 palez'l
793 356 1011 399 involutum

227 413 397 456 nascitur.
457 414 576 457 Haud
587 415 694 456 aliter
705 415 796 472 ergo
810 429 1011 471 peccatum

226 472 412 528 originale
437 488 510 514 nec
529 487 609 514 erat
622 476 664 513 in
679 473 809 514 anima
822 502 833 519 ‚
865 488 948 527 quae
960 473 1012 513 se-

226 531 398 571 cundum
421 530 576 573 seomni
596 531 745 572 macula
774 543 903 571 caret:
937 546 1011 571 nec

226 602 306 629 erat
323 593 362 628 in
383 604 500 630 manu
515 591 607 629 DEI
624 593 805 636 creantis5
835 588 1012 645 cumipse

227 646 270 686 fit
281 646 367 687 fons
379 651 494 688 totius
503 650 672 703 puritatis
684 657 695 686 .·'
723 662 848 702 neque
861 650 901 687 in
910 661 1014 688 utro-

228 718 302 758 que
313 719 469 761 parcnte
484 718 691 762 generante
702 733 713 750 ‚
730 721 826 760 quos
840 704 1017 762 supponi-

232 775 316 802 mus
345 763 481 817 justos‚
513 769 552 805 &
586 762 731 804 sanctos
751 763 843 804 esse:
877 763 1017 807 nihilo-

229 823 357 861 minus
395 835 525 861 tamen
539 850 550 867 ,
581 821 674 861 dum
706 837 772 878 per
803 821 1018 863 naturalem

233 882 552 936 propagationem
563 882 692 920 anima
707 883 830 937 tangit
848 895 1018 925 carnem,

230 951 278 977 ex
289 941 415 992 primo
451 936 520 977 illo
547 941 833 993 praevaricatore
872 953 1020 984 ortam,

231 997 272 1033 in
285 1009 362 1049 quo
380 1009 517 1036 omnes
542 1011 613 1036 nos
634 1001 876 1052 peccavimus
893 1026 904 1043 ,
933 1012 1022 1053 pec-

232 1056 308 1093 cati
329 1054 606 1110 turpitudinem
617 1055 821 1096 contrahit.
855 1054 933 1109 quo
946 1054 1022 1096 cla-

235 1109 274 1150 re
298 1111 496 1152 collimare
521 1112 697 1153 videntur
720 1114 835 1154 verba
861 1113 925 1155 illa
946 1117 1006 1154 Au

234 1168 398 1225 gustini:
432 1173 521 1210 Pone
543 1171 661 1225 justum
694 1171 895 1229 baptizatum
911 1199 921 1215 ,
949 1186 1023 1212 tan-

238 1224 333 1284 qutim
347 1244 486 1284 granum
515 1240 718 1284 purgatum:
750 1247 811 1269 non
845 1229 984 1270 attendis
1008 1260 1021 1277 ,

236 1287 311 1342 quia
327 1285 364 1325 de
379 1303 482 1343 grano
499 1298 638 1343 purgato
666 1288 804 1343 nascitur
822 1289 1023 1343 frumentum

236 1359 305 1383 cum
315 1344 411 1400 pala-cf
423 1374 434 1390 ‚
464 1344 533 1400 fine
561 1345 626 1401 quei*
651 1345 843 1400 fiminatum
856 1347 971 1401 fuerat
1000 1348 1024 1386 ,Ρ

236 1416 315 1456 quo
346 1417 474 1443 autem
504 1403 626 1443 modo
650 1404 690 1443 id
726 1404 793 1445 fiat
821 1434 831 1450 ,
857 1408 894 1443 in
920 1404 1023 1445 hunc

237 1460 402 1500 modum
433 1460 612 1516 explicari
635 1460 751 1502 debet
777 1480 785 1501 2
819 1465 1001 1503 nimirum
1019 1488 1030 1506 ‚

239 1517 347 1572 quod
360 1518 484 1558 Adam
496 1518 566 1558 fuit
574 1518 800 1560 constitutus
813 1518 833 1560 a
849 1521 964 1562 DEO
973 1535 1035 1561 ca-

241 1590 309 1633 put
321 1575 389 1617 suae
400 1576 720 1633 posteritatis‚tam
732 1577 1035 1633 naturale‚quam

246 1635 394 1675 morale
407 1634 593 1676 :naturale
608 1635 780 1690 quidem3
797 1639 886 1690 quia
899 1651 1034 1677 omnes

249 1695 388 1749 posteri
408 1692 456 1736 ab
476 1708 524 1733 eo
544 1704 652 1734 erant
667 1708 732 1750 per
743 1694 956 1735 naturalem
969 1710 1034 1752 ge-

249 1755 493 1792 nerationem
510 1751 749 1808 propagandi
767 1767 774 1791 :
803 1752 950 1794 morale
970 1769 1034 1795 ve-

250 1808 295 1849 ro
311 1828 321 1857 3
352 1813 440 1865 quia
461 1813 501 1850 in
527 1809 625 1851 illius
644 1810 920 1852 deliberatione
940 1827 1035 1853 con-

250 1867 370 1908 stituit
381 1870 517 1910 DEUS
528 1897 538 1913 ‚
567 1882 646 1909 tam
661 1883 730 1925 pro
746 1868 780 1910 sse
792 1899 802 1916 ,
834 1868 951 1924 quam
966 1885 1035 1927 pro

249 1926 334 1980 filijs
354 1926 443 1973 suis,
473 1931 777 1983 permanentiam
799 1931 839 1968 in
862 1927 957 1969 statu
977 1932 1036 1969 in-

249 1988 463 2037 nocentiae‚
491 1985 552 2026 vel
572 1985 804 2042 culpabilem
819 1985 916 2027 illius
929 1988 1037 2027 amis.

249 2043 416 2084 sionem:
440 2043 544 2084 unde
555 2046 596 2084 in
607 2044 805 2086 voluntate
815 2044 908 2086 Adae
924 2076 933 2090 ‚
952 2060 1037 2086 mo-

250 2101 379 2142 raliter
409 2101 606 2142 constituit
626 2103 763 2144 DEUS
792 2102 1036 2145 voluntatem

250 2165 430 2201 omnium
454 2160 636 2201 nostrum.
706 2163 762 2202 Ex
782 2176 862 2216 quo
881 2161 1035 2210 fanum,

252 2233 294 2260 ut
321 2218 400 2275 ipso
425 2219 723 2275 transgrediente
739 2221 928 2261 Divinum
946 2235 1038 2276 prae-

250 2290 407 2333 ceptum
419 2305 430 2322 ‚
458 2291 594 2318 omnes
608 2281 648 2319 in
664 2276 733 2318 illo
754 2279 1037 2334 transgrellores

250 2334 338 2376 faeti
359 2335 493 2382 fimus,
523 2336 652 2390 quoad
678 2335 939 2378 sufficientiam
954 2341 1036 2392 qui-

252 2393 363 2437 dem,
393 2392 602 2448 antequam
621 2405 906 2450 generaremure
939 2406 1035 2451 quoa

251 2452 301 2491 ad
313 2451 522 2492 efficaciam
542 2452 655 2499 vero,
687 2453 845 2507 quando
869 2456 951 2494 auu·
969 2469 1034 2511 ge—

253 2513 325 2551 niti
347 2509 491 2557 sumus5
528 2516 620 2551 tunc
649 2515 754 2551 enim
776 2513 860 2552 astu
884 2527 1037 2554 contra-

251 2568 311 2609 hit
333 2567 457 2609 homo
477 2581 679 2625 peccatum
692 2568 811 2625 ipsum
823 2569 1009 2626 originale
1024 2601 1035 2618 ,

251 2626 359 2681 quod
379 2625 470 2667 licet
490 2641 573 2668 non
590 2627 634 2668 sit
669 2626 927 2670 voluntarium
953 2632 1035 2671 actu

252 2687 430 2741 proprio,
457 2684 682 2732 &formal‘i‚
706 2685 794 2728 vere
805 2700 934 2727 tamen
947 2702 1038 2742 quaa

253 2741 282 2783 si
294 2742 552 2786 virtualiter&
564 2744 866 2801 interpretative‚
898 2748 938 2786 in
953 2749 1037 2787 aaa

252 2803 366 2898 primi
388 2804 574 2857 parentis,
604 2805 790 2856 quatenus
811 2806 853 2844 in
869 2804 946 2857 ejus
969 2820 1037 2845 vo-

269 2871 418 2904 untate,
447 2862 537 2901 utin
552 2863 677 2916 capite
688 2860 840 2907 morali,
858 2866 1037 2903 omnium

254 2916 427 2958 nostrum
436 2916 652 2959 voluntates
667 2919 976 2966 continebantur,
996 2927 1036 2963 ὃ(

255 2986 392 3016 omnes
404 2978 444 3015 in
458 2974 529 3016 illo
538 2991 657 3017 unum
667 2992 826 3018 eramus·
856 2979 976 3033 Qod
988 2994 1034 3019 ex

251 3036 368 3073 unico
393 3035 488 3074 Divi
502 3033 670 3075 Thomae
690 3035 870 3091 exemplo
900 3034 1034 3077 clarius

244 3090 416 3146 patebit:
445 3093 596 3133 Omnes
616 3094 723 3133 enim
742 3096 842 3135 cives
864 3108 933 3149 pro
955 3109 1035 3136 uno

242 3164 404 3206 corpore
438 3162 679 3206 reputantur,
709 3156 750 3194 &
772 3152 877 3207 quod
891 3153 1033 3210 Reipu-

1063 182 1173 224 blicae
1202 185 1329 240 capita
1355 180 1543 228 efficiunt,
1580 184 1715 223 omnia
1748 180 1848 221 illius

1062 240 1238 282 membra
1257 237 1381 280 fecisse
1411 240 1600 283 dicuntur.
1637 241 1730 280 hinc
1757 238 1848 280 licet

1062 314 1093 339 e.
1106 314 1140 355 g.
1159 298 1214 338 nil
1226 297 1348 355 'magis
1373 297 1632 339 voluntarium
1646 297 1785 338 debeat
1795 296 1848 336 es-

1062 356 1117 402 se,
1146 355 1264 410 quam
1291 370 1427 398 votum
1450 374 1460 403 5
1493 356 1769 400 nihilominus,
1807 369 1849 396 ut

1060 428 1198 456 votum
1214 415 1343 468 jejunij
1378 413 1533 468 alicujus
1555 417 1730 456 Civitatis
1750 412 1849 454 obli-

1062 487 1127 529 get
1152 472 1296 512 futuros
1326 475 1427 513 cives
1453 502 1464 518 ,
1495 473 1673 513 nondum
1709 486 1818 513 natos
1838 502 1849 518 ‚

1062 529 1193 571 sufficit
1207 543 1342 571 votum
1360 529 1455 570 illud
1474 529 1626 571 emisisse
1646 559 1656 577 ,
1688 545 1770 570 non
1786 545 1851 586 per

1062 588 1214 644 seipsos,
1245 591 1329 628 afilzu
1350 591 1522 644 proprio,
1555 588 1615 629 sed
1639 603 1704 644 per
1724 591 1850 628 aetum

1064 661 1220 691 eorum,
1249 650 1315 700 qui
1326 649 1451 702 capita
1470 661 1579 687 erant
1597 646 1852 702 Reipublicae,

1066 707 1107 744 in
1123 719 1287 759 quorum
1302 703 1500 745 voluntate
1518 704 1764 746 censebantur
1786 719 1853 745 eoa

1071 772 1156 803 rum
1176 761 1393 803 voluntates
1424 762 1620 803 moraliter
1658 761 1815 804 existere
1843 780 1851 803 :

1067 821 1116 861 fic
1139 820 1254 877 ergo,
1289 824 1379 875 quia
1409 821 1624 862 voluntates
1676 823 1854 861 omnium

1068 879 1306 936 posterorum
1323 878 1621 920 continebantur
1636 882 1675 918 in
1688 878 1853 923 Adamo,

1070 937 1226 979 velutin
1238 940 1361 993 capite
1373 936 1524 983 morali,
1551 936 1751 993 originalia
1763 940 1856 976 eoru

1071 1009 1228 1052 peccata
1256 994 1456 1035 censentur
1482 994 1694 1036 voluntaria
1714 1022 1724 1037 ‚
1765 1008 1855 1049 qua-

1072 1058 1182 1095 tenus
1204 1054 1377 1094 membra
1397 1067 1505 1094 erant
1527 1053 1624 1100 illius
1637 1055 1781 1109 capitis.

1177 1171 1322 1211 Verum
1349 1168 1441 1224 quid
1462 1167 1546 1224 post
1575 1166 1735 1223 longam
1758 1168 1859 1208 hanc

1074 1227 1267 1283 originalis
1314 1230 1462 1283 peccati
1506 1225 1821 1281 explanationem
1849 1255 1860 1271 ‚

1074 1285 1121 1325 de
1138 1288 1283 1329 MARIA
1297 1285 1528 1326 dicendum?
1547 1290 1691 1325 num&
1705 1289 1744 1323 in
1756 1283 1863 1324 illam

1074 1343 1166 1384 Adae
1172 1356 1336 1400 peccatum
1348 1360 1390 1384 ac
1401 1342 1677 1397 consequenter
1695 1358 1780 1382 mors
1785 1354 1862 1399 per-

1073 1401 1229 1456 tranfijt?
1267 1401 1395 1442 Allero
1434 1416 1508 1457 ego
1552 1400 1814 1441 indubitanter
1853 1428 1865 1444 ,

1080 1459 1288 1513 quodlicet
1313 1473 1513 1515 peccatum
1540 1461 1652 1514 primi
1679 1461 1864 1514 parentis,

1082 1516 1135 1557 ob
1151 1521 1315 1558 rationes
1327 1518 1443 1558 distas
1454 1546 1464 1562 ,
1493 1516 1667 1557 habuerit
1685 1516 1868 1557 sufficien-

1085 1578 1198 1621 tiam,
1230 1577 1279 1616 ad
1302 1575 1574 1617 maculandam
1586 1577 1741 1615 Beatam
1765 1575 1868 1616 hanc

1086 1637 1309 1690 Virginem,
1334 1635 1426 1675 ficut
1442 1640 1482 1676 ὅ(
1502 1632 1667 1687 reliquos
1685 1633 1778 1674 Adae
1799 1648 1868 1689 po-

1084 1691 1220 1733 steros:
1252 1708 1291 1732 re
1306 1706 1438 1733 tamen
1459 1692 1538 1748 ipsa
1550 1706 1633 1732 non
1643 1690 1780 1733 habuit
1790 1692 1870 1732 effi-

1083 1754 1231 1791 caciam
1248 1750 1391 1791 intrandi
1412 1753 1452 1790 in
1468 1765 1573 1796 earn,
1603 1749 1867 1791 autinferendi

1083 1811 1117 1848 ei
1147 1808 1340 1850 maculam
1387 1809 1581 1863 aliquam3
1628 1807 1867 1864 quia-Filius

1084 1869 1177 1908 DEI
1202 1867 1414 1924 praevidens
1440 1865 1547 1907 illam
1569 1866 1676 1923 ipsius
1696 1869 1865 1908 Matrem

1085 1924 1272 1972 futuram,
1301 1924 1362 1967 sua
1373 1941 1458 1967 eam
1471 1925 1610 1981 gratia,
1635 1939 1684 1964 ne
1697 1927 1868 1966 inficere-

1086 1997 1166 2030 tur,
1197 1987 1467 2041 praemunivit:
1493 1982 1617 2039 ficque
1637 1984 1759 2023 intrare
1785 1999 1869 2024 non

1087 2056 1237 2098 poterat
1251 2054 1415 2100 peccatum
1433 2069 1444 2086 ‚
1476 2045 1516 2081 in
1529 2056 1645 2096 quam
1660 2046 1799 2082 intrare
1818 2041 1869 2082 se-

1086 2101 1216 2141 cunda
1261 2103 1427 2141 Deitatis
1473 2098 1637 2141 Persona
1683 2099 1868 2141 statuerat.

1085 2159 1200 2200 Addo
1221 2159 1420 2215 praeterea,
1447 2161 1565 2199 Sacris
1580 2161 1620 2198 in
1643 2161 1788 2214 paginis
1808 2157 1871 2199 sae-

1089 2220 1171 2273 pius
1202 2233 1268 2273 per
1299 2216 1450 2259 mundum
1471 2216 1669 2272 significari
1699 2217 1836 2256 homines
1854 2248 1867 2263 ‚

1081 2275 1193 2332 gratia?
1201 2275 1331 2316 Divina
1339 2289 1482 2316 vacuos:
1501 2275 1549 2315 sic
1572 2278 1676 2314 enim
1696 2274 1867 2332 Christus

1085 2333 1159 2389 ipse
1175 2334 1323 2374 videtur
1344 2333 1512 2378 locutus,
1543 2333 1637 2373 dum
1655 2335 1728 2373 ait:
1756 2334 1866 2373 Mun-

1083 2450 1143 2490 do:
1163 2449 1246 2504 ficut
1269 2458 1308 2493 &¹
1330 2466 1383 2506 ego
1394 2466 1454 2490 non
1454 2450 1528 2505 fiam
1542 2448 1580 2489 de
1593 2448 1717 2489 mundo.
1762 2451 1866 2491 Cum

1085 2508 1178 2564 ergo
1195 2511 1343 2549 MARM
1358 2507 1503 2565 semper
1508 2507 1620 2565 gratia?
1625 2507 1723 2563 plena
1740 2506 1864 2553 fuerit,

1085 2571 1168 2621 quis
1189 2566 1340 2613 credat,
1368 2569 1416 2608 M
1427 2583 1452 2608 A
1463 2581 1490 2607 R
1504 2582 1516 2606 1
1530 2581 1556 2606 A
1567 2575 1599 2605 M
1617 2571 1656 2605 in
1672 2565 1745 2604 hac
1756 2565 1866 2605 mundi

1085 2624 1359 2681 significatione
1380 2622 1676 2681 comprehendi,
1707 2623 1865 2677 quando

1085 2680 1223 2724 dicitur
1233 2695 1293 2741 per
1312 2699 1409 2736 unum
1427 2683 1579 2723 hominem
1599 2683 1631 2721 in
1645 2679 1795 2721 mundum
1815 2683 1866 2721 in-

1085 2740 1175 2798 trdffi
1191 2747 1357 2798 peccatum
1380 2771 1391 2788 ‚
1422 2748 1459 2783 ώ-
1482 2751 1541 2797 per
1554 2751 1720 2796 peccatum
1742 2755 1825 2779 mors
1840 2740 1865 2779 ε’

1087 2799 1295 2841 dicendum
1318 2803 1440 2856 potius
1462 2816 1470 2838 ε
1502 2798 1594 2838 ficut
1617 2799 1867 2853 omnipoten-

1087 2861 1116 2898 ti
1134 2860 1250 2900 DEO
1275 2857 1436 2914 placuit5
1469 2855 1674 2911 Apostolos
1693 2855 1868 2909 quando-

1085 2931 1159 2971 que
1174 2916 1256 2957 suos
1280 2916 1440 2957 liberare
1461 2940 1471 2958 ‚
1501 2930 1538 2953 ne
1558 2922 1810 2969 computarentur
1830 2913 1868 2953 de

1083 2974 1219 3020 mundo,
1259 2974 1360 3014 hanc
1400 2972 1517 3029 ipsam
1553 2974 1715 3027 gratiam
1742 2971 1868 3013 multo

1083 3031 1206 3089 magis
1216 3031 1457 3072 dileffiffimae
1481 3029 1551 3071 suae
1562 3032 1678 3070 Matri
1700 3032 1740 3069 in'
1757 3032 1866 3071 Con—

1083 3094 1263 3146 ceptione
1291 3087 1521 3134 concesfilst,
1553 3086 1679 3143 sicque·
1696 3087 1780 3127 Adae
1791 3100 1865 3144 pec-

1082 3163 1189 3187 catum
1210 3149 1243 3187 in
1268 3159 1337 3188 eam·
1366 3163 1426 3187 nen
1453 3144 1586 3202 intrciffi.
1643 3149 1682 3187 O
1718 3148 1865 3187 utinam

1139 3208 1177 3246 T
1193 3219 1208 3246 t
1237 3222 1256 3246 2
1758 3217 1838 3242 non

1270 2393 1275 2399 .
1392 2393 1398 2398 .
1515 2392 1521 2398 .
1878 2362 1920 2400 jo.
1941 2369 1989 2400 17¹-

1084 2392 1144 2432 dios
1155 2408 1204 2432 eos
1225 2390 1292 2432 odzo
1302 2391 1435 2438 habuzt3
1466 2407 1542 2449 quza
1556 2407 1617 2431 non
1619 2391 1698 2447 fimf
1715 2390 1752 2431 de
1772 2401 1865 2431 mun-
1886 2417 1914 2436 v.
1935 2416 1980 2446 ¹4·
