2159 3508
779 55 1103 137 Conceptus
1157 55 1394 117 LXXIII.

237 145 264 187 fi
293 149 740 190 excommunicationem
765 146 892 189 secum
910 162 1024 188 mun-

237 204 292 245 do
324 207 462 248 inferre
489 205 702 262 quemlibet
726 221 857 247 recens
890 220 1026 247 natum

238 262 472 306 infantulum
505 295 515 311 ,
559 263 671 306 omni
690 262 751 320 spe
773 265 823 305 ad
843 277 1026 305 aeternam

238 324 524 365 Beatitudinem
546 353 556 369 ‚
587 321 888 378 Sanctorumc'jue
918 337 1027 362 com-

238 385 470 423 munionem
492 380 690 440 praecluszL
720 381 787 420 nisi
808 381 856 421 ad
871 384 1028 422 Sacrum

239 441 480 496 Baptismatis
503 439 696 481 lavacrum
721 438 1028 479 reconciliandus

239 502 446 555 pertigerit,
462 513 580 539 nemo
591 496 663 540 est,
686 499 752 551 qui
773 495 921 537 nesciat.
984 498 1028 537 In

238 556 448 598 collatione
470 570 563 612 ergo
591 558 626 596 S.
650 557 832 611 Baptismi
847 581 859 598 ‚
886 557 1030 610 praevio

241 616 375 655 Crucis
397 615 502 671 figno
522 642 534 660 ,
566 611 698 654 severis
731 612 1030 666 adjurationibus

240 675 356 713 Satan
375 671 595 729 expellitur,
623 686 690 727 per
705 669 930 712 haecverba:
959 670 1032 710 Exi

239 729 283 770 ab
303 747 336 770 eo
346 729 503 771 immunde
511 729 647 786 spiritus
657 729 670 768 .'
691 737 756 771 &a
775 729 948 785 recognosce
956 728 1030 784 sen-

240 790 375 829 tentiam
384 803 473 828 tuam
488 818 499 835 ,
529 796 568 831 ὠ·
584 786 627 827 da
649 787 794 827 honorem
811 789 912 827 DEO
922 789 1027 833 vivo,

240 854 280 889 (9·
293 860 394 887 vero:
424 846 467 886 da
487 847 631 887 honorem
652 848 775 894 JEscz
800 847 1026 900 CARI-rw,

241 905 332 945 Filio
346 906 427 960 ejus,
437 913 476 947 (9¹
487 905 617 962 Spiritui
631 904 797 950 Sancflffi&
806 903 910 944 recede
921 904 964 943 ab
974 904 1030 944 hoc

231 963 357 1018 fhmulo
369 964 481 1009 DEI,
507 971 572 1005 (φτ.
609 961 672 1002 sed
687 962 801 1017 quid?
839 964 942 1019 Ergo
971 965 1030 1002 in-

238 1019 321 1061 fans
346 1021 411 1062 hic
427 1020 641 1062 miserculus
652 1020 700 1061 ab
722 1019 801 1076 ipso
815 1025 933 1061 etiam
954 1020 1031 1061 dae-

238 1093 358 1120 mone
384 1079 438 1120 est
449 1077 631 1121 obsessus?
662 1078 754 1120 imo.
787 1092 884 1134 quot
900 1093 1029 1120 autem

238 1136 418 1179 illorum?
450 1138 554 1179 autrsi
565 1153 682 1184 unus,
709 1138 814 1191 cujus
829 1141 1029 1178 nominis?

239 1195 393 1237 fortasse
404 1197 506 1253 Legio
521 1197 545 1236 ,θ
574 1202 647 1238 &c.
707 1195 847 1236 Audite
863 1225 874 1242 ‚
906 1202 946 1237 δε
961 1195 1031 1236 ob-

239 1253 456 1311 stupescite!
489 1257 659 1296 Unicum
697 1253 801 1295 adest
827 1268 1032 1310 peccatum

240 1312 450 1369 originale:
484 1316 599 1353 unica
635 1312 847 1352 animulam
871 1312 1033 1369 poffidet

240 1373 450 1425 iniquitatis
463 1370 709 1411 haereditariae
723 1369 845 1415 labes,
879 1385 963 1425 quae
975 1369 1032 1410 Io-

237 1427 274 1470 la
290 1443 440 1470 tantum
469 1428 590 1474 valet,
620 1442 665 1468 ac
690 1427 715 1467 fi
731 1427 893 1469 diabolis
919 1427 1033 1483 plena

238 1485 329 1526 effet
343 1500 534 1532 creatura,
566 1501 652 1541 quae
667 1499 848 1542 praeterea
859 1488 1033 1526 animam

239 1545 367 1585 reddit
387 1547 504 1587 DEO
531 1543 678 1585 summe
716 1543 984 1601 displicentem
1017 1573 1027 1590 ,

240 1601 446 1659 gratiaeoue
470 1606 626 1644 Divinae
651 1605 946 1659 participatione
966 1617 1031 1658 pe-

240 1665 344 1702 nitus
368 1661 593 1718 indignam:
625 1674 666 1701 ut
695 1676 790 1717 ergo
806 1659 1031 1702 solvaturdi-

241 1723 300 1760 cta
320 1723 676 1761 excommunicatio
695 1748 705 1765 ,
736 1717 908 1776 gratiaec‘p
929 1718 1031 1759 obex

238 1793 464 1819 amoveatur
483 1808 494 1825 ‚
531 1780 612 1819 Ave
629 1781 747 1818 etiam
770 1777 836 1834 ipfi
851 1775 872 1817 ὲ
895 1777 1033 1818 Sancta

234 1839 363 1878 Matre
380 1835 546 1878 Ecclesia
561 1836 639 1877 dici
661 1836 770 1893 poffit
786 1863 797 1880 ,
828 1838 1032 1892 Baptizan-

227 1895 303 1944 ‚dus
329 1895 383 1936 est
404 1895 549 1942 infans3
582 1898 672 1950 quia
698 1909 765 1951 per
794 1894 871 1935 hoc
899 1897 1030 1935 Sacra-

232 1968 413 1995 mentum
443 1968 552 2011 porta
574 1953 624 1993 ad
647 1956 780 1994 omnia
809 1952 953 2007 reliqua
973 1968 1030 1993 re-

233 2011 376 2055 seratur
397 2015 660 2054 :Communio
677 2014 1028 2056 Sanctorumfflter-

233 2069 370 2126 naec'lue
393 2071 523 2129 gloriae
538 2071 660 2111 aditus
688 2068 818 2110 denuo
835 2073 998 2126 aperitur
1017 2090 1024 2109 :

227 2130 350 2187 placita
361 2130 520 2171 tandem
546 2131 646 2169 DEO
653 2130 762 2168 anima
774 2127 931 2169 infantis
942 2128 1027 2169 red-

234 2187 357 2234 ditur,
387 2202 523 2244 utpote
551 2187 598 2228 ab
621 2186 734 2228 omni
753 2188 830 2242 jam
846 2186 932 2227 labe
953 2189 1027 2227 ini-

233 2249 387 2300 quitatis
416 2249 567 2303 penitus
593 2245 740 2290 abluta,
771 2251 813 2287 &
845 2244 1025 2287 absoluta.

234 2306 309 2345 His
332 2305 455 2346 modo
472 2304 686 2362 suppofitis,
718 2308 801 2359 quis
823 2303 949 2345 dicere
961 2319 1026 2345 au-

235 2363 349 2407 deat,
379 2367 565 2405 MAR1AM
581 2392 592 2409 ‚
631 2362 887 2420 digniffimam
906 2362 1027 2407 Verbi

235 2424 423 2462 incarnati
436 2424 678 2464 Genitricem
692 2451 702 2468 ,
733 2421 837 2461 hunc
856 2420 1028 2476 aliquan-

235 2478 290 2520 do
307 2479 479 2536 spiritum
492 2480 706 2537 malignum
719 2510 729 2526 ,
758 2479 944 2536 originale
960 2481 1028 2521 sci-

235 2537 327 2579 licet
345 2552 549 2595 peccatum
562 2568 573 2585 ‚
604 2542 643 2579 in
657 2537 786 2579 anima
796 2537 998 2580 sustinuisse
1014 2551 1026 2579 ἓ

235 2610 318 2638 tam
332 2597 510 2654 improba
526 2596 628 2638 certe
637 2627 646 2644 ‚
658 2612 702 2637 ac
714 2599 847 2652 iniqua
856 2595 930 2638 sors
942 2611 1027 2638 tan-

235 2670 324 2712 gere
346 2659 528 2697 MARIAM
556 2655 719 2696 minime
743 2669 916 2712 poterat,
944 2671 1030 2711 quae

235 2724 312 2769 prae
337 2715 515 2756 univerfis
537 2717 651 2756 unica
675 2717 873 2761 creatum,
910 2713 1030 2755 oculis

237 2771 411 2813 Altiffimi
441 2787 598 2830 accepta
612 2772 684 2814 fuit
711 2790 719 2814 :
750 2775 811 2813 cui
841 2772 1030 2830 Angelus,

238 2832 281 2871 D
296 2832 354 2870 EI
371 2835 525 2872 nuntius
537 2861 548 2878 ‚
582 2847 664 2871 non
677 2844 828 2872 tantum
841 2833 923 2873 Are
947 2846 1032 2873 non

238 2889 405 2945 denegat
419 2918 429 2935 ‚
461 2888 523 2930 sed
536 2889 646 2946 gratia*
664 2889 813 2947 insuper
820 2890 952 2946 plenam
972 2889 1025 2931 sa-

238 2946 356 2992 lutat,
387 2947 650 2988 acsidiceret:
681 2949 761 2990 Awe
792 2947 868 2988 fine
891 2962 1027 3004 pecca-

238 3019 281 3046 to
299 3009 305 3044 !
338 3007 418 3045 Ave
433 3005 509 3045 fine
524 3005 693 3046 macula!
725 3007 805 3046 Ave
817 3005 894 3045 fine
905 3021 1029 3054 naevo,

241 3064 303 3104 seu
328 3062 413 3104 labe
436 3066 668 3118 iniquitatis!
698 3066 780 3103 Ave
797 3063 1029 3120 placitaDEO

243 3123 376 3169 animm
407 3125 493 3177 quia
517 3120 626 3163 illum
647 3135 880 3177 conceptura
896 3151 906 3167 ,
940 3138 1028 3177 pro·

1074 150 1271 205 genitura,
1296 148 1477 190 laetatura
1493 178 1504 196 ,
1540 153 1607 205 qui
1637 165 1773 192 omnes
1799 168 1871 195 no.

1075 206 1164 247 stras
1177 207 1344 252 maculas
1364 208 1622 263 pretiofiffimo
1646 210 1711 251 {uo
1727 211 1872 268 sangui-

1075 280 1126 305 ne
1138 264 1192 305 est
1202 265 1406 306 diluturus!
1421 267 1529 306 Hinc
1545 267 1636 308 licet
1651 284 1721 309 nos
1738 285 1873 310 omnes

1075 325 1117 362 in
1151 323 1414 377 iniquitatibus
1451 323 1631 366 fuerimus
1669 332 1871 384 concepti,

1076 381 1232 422 Davide
1255 382 1382 424 nihilo
1399 382 1597 430 meliores,
1629 389 1693 438 qui
1716 385 1764 425 de
1789 386 1868 442 ipio

1077 438 1257 480 testatur:
1286 443 1371 480 Ecce
1391 441 1473 481 enim
1496 442 1530 481 in
1550 442 1771 499 iniquitatibus
1797 461 1868 484 con-

1077 498 1258 553 ceptusficm
1269 527 1280 544 ,
1312 506 1352 541 (9⁸
1370 500 1404 539 in
1413 501 1551 556 peccatu}
1575 503 1710 557 concepit
1729 519 1777 542 me
1798 519 1868 542 ma-

1077 568 1127 594 ter
1144 571 1236 603 mea5
1261 558 1454 613 properavit
1487 571 1620 598 tamen
1661 562 1869 602 Divina-in

1078 613 1252 654 Matrem
1263 613 1430 656 futuram
1442 618 1563 672 pietas
1580 646 1591 663 ‚
1611 632 1654 657 ac
1667 619 1871 673 providen-

1080 673 1157 717 tia,
1186 670 1315 712 educere
1330 672 1456 720 illam,
1492 689 1570 731 prae
1585 675 1764 717 omnibus
1778 677 1872 732 alijs,

1079 728 1118 768 de
1133 729 1233 770 medio
1244 731 1473 788 iniquitatum>
1506 732 1627 780 idest,
1656 735 1788 790 inipso
1799 740 1875 792 pri·

1079 802 1149 828 mo
1178 791 1462 846 Conceptionis
1483 791 1660 838 instanti,
1690 792 1794 834 illam
1817 793 1876 835 so-

1078 845 1180 892 lam,
1214 863 1261 888 ex
1272 847 1454 889 omnibus
1477 851 1517 889 in
1548 854 1746 906 iniquitate
1763 855 1876 909 origi-

1078 903 1161 945 nali*
1181 910 1401 962 conceptis,
1433 907 1770 950 misericordissime
1782 925 1876 966 prae—

1078 961 1245 1005 servavit,
1309 967 1454 1006 Dicere
1476 964 1562 1009 hic,
1587 969 1666 1020 jure
1693 972 1845 1024 optimo
1864 998 1875 1015 ,

1079 1020 1228 1062 MARlA
1242 1035 1393 1079 poterat
1421 1023 1518 1064 illud
1531 1024 1657 1066 Psaltis
1672 1028 1780 1082 Regij
1796 1042 1803 1064 :
1833 1029 1874 1066 In

1079 1079 1136 1119 hoc
1153 1082 1285 1137 cognovi
1299 1110 1309 1127 ‚
1347 1083 1494 1138 quoniam
1513 1084 1639 1138 voluisti
1658 1100 1706 1123 me
1723 1103 1731 1130 3
1763 1085 1873 1141 quoni-

1080 1154 1134 1177 am
1155 1154 1217 1178 non
1245 1138 1400 1195 gaudebit
1420 1141 1566 1179 inimicus
1587 1159 1674 1181 meus
1685 1143 1780 1201 super
1804 1160 1875 1183 me:

1081 1212 1130 1236 me
1150 1211 1256 1236 autem
1266 1209 1396 1254 propter
1416 1199 1626 1239 innocentiam
1634 1201 1789 1257 ficscepisti
1799 1231 1809 1247 ,
1839 1211 1878 1244 (9-

1081 1254 1266 1312 confirmcssi
1291 1257 1383 1296 mein
1409 1257 1566 1312 conspeelu
1589 1273 1642 1296 tuo
1665 1261 1698 1297 in
1719 1274 1876 1300 aeternum.

1081 1313 1121 1353 id
1132 1312 1186 1354 est
1204 1331 1211 1353 :
1243 1315 1287 1354 In
1299 1314 1377 1355 hoc
1389 1315 1550 1355 demum
1562 1316 1748 1372 perspexi,
1761 1318 1879 1372 quam

1077 1371 1200 1427 placita
1212 1371 1255 1411 fit
1270 1371 1339 1411 t'ibi
1353 1374 1462 1411 anima
1475 1388 1581 1414 mea:
1600 1390 1677 1428 quo
1694 1390 1757 1416 me
1769 1392 1878 1416 amo-

1083 1443 1143 1473 re,
1176 1428 1363 1470 &affectu
1375 1429 1627 1486 superomnes
1652 1433 1742 1473 alias
1774 1450 1877 1475 crea-

1083 1499 1182 1527 turas
1198 1487 1451 1542 prosequari53
1475 1491 1566 1529 cum
1577 1491 1656 1543 jam
1676 1492 1778 1534 inde,
1794 1508 1877 1534 non

1082 1544 1131 1585 ab
1154 1544 1396 1587 incunabulis
1427 1549 1607 1594 tantum,
1631 1547 1693 1589 led
1715 1548 1737 1590 a
1752 1554 1878 1606 primo

1083 1605 1367 1662 Conceptionis
1404 1619 1502 1645 mere
1537 1607 1720 1654 articulo,
1752 1623 1880 1664 prote-

1083 1664 1220 1702 c'tionis
1242 1676 1317 1703 tuae
1328 1662 1501 1703 umbone
1521 1679 1585 1704 me
1598 1679 1739 1706 tutatus
1756 1667 1880 1715 fueris,

1082 1718 1222 1775 Teque
1233 1719 1355 1776 ipsum
1374 1724 1451 1762 mei
1472 1721 1711 1764 defensorem
1723 1755 1733 1771 ‚
1746 1725 1880 1767 adver-

1080 1780 1140 1818 sus
1162 1778 1480 1826 cacodaemones,
1509 1780 1636 1822 hostes
1658 1798 1766 1824 meos
1780 1786 1881 1838 jura-

1081 1836 1237 1877 tiffimos
1263 1836 1497 1884 ostenderis,
1539 1839 1588 1879 ad
1620 1841 1880 1894 adjuvandum

1080 1909 1145 1935 me
1157 1894 1342 1936 festinaris
1352 1925 1362 1942 ‚
1375 1895 1500 1952 ficQue
1510 1901 1737 1954 properaveris
1753 1899 1880 1941 educere

1081 1955 1223 1994 animam
1234 1970 1335 1994 meam
1347 1953 1385 1994 de
1396 1954 1495 1994 medio
1508 1957 1723 2012 iniquitatum,
1736 1974 1777 1999 ut
1794 1961 1880 2000 nul-

1078 2012 1160 2053 lum
1172 2011 1236 2052 fibi
1255 2013 1310 2066 jus
1330 2015 1446 2053 inme
1458 2015 1662 2056 vendicare
1685 2031 1796 2058 orcus
1808 2034 1877 2074 po-

1078 2073 1210 2116 tuerit,
1244 2085 1307 2111 aut
1318 2074 1526 2112 minimam
1551 2072 1729 2129 glorandi
1763 2091 1877 2118 occa-

1077 2130 1227 2170 sionem
1245 2128 1422 2170 habuerit
1438 2160 1448 2176 ,
1481 2132 1584 2185 quasi
1614 2132 1673 2173 vel
1690 2133 1811 2175 ullum
1836 2140 1875 2176 in

1075 2190 1250 2229 animam
1293 2179 1424 2228 meam
1443 2188 1625 2230 delictum
1651 2193 1838 2248 irrepserit
1862 2223 1874 2240 ‚

1074 2245 1099 2287 ὲ
1114 2261 1194 2302 quo
1224 2260 1289 2286 me
1310 2246 1449 2302 praevie
1490 2247 1667 2289 eductam
1710 2253 1751 2290 in
1791 2266 1876 2308 gra-

1075 2304 1130 2347 tia
1179 2304 1414 2345 confirmasti
1440 2331 1451 2348 ‚
1488 2305 1724 2363 dignamQue
1777 2310 1875 2352 Filio

1075 2377 1146 2406 tuo
1186 2365 1358 2404 Matrem
1383 2363 1431 2404 ab
1470 2378 1616 2406 aeterno
1669 2367 1872 2409 destinasti.

1078 2425 1179 2477 Qae
1198 2424 1289 2462 cum
1307 2424 1360 2462 ita
1382 2421 1454 2463 fint
1469 2451 1479 2468 ‚
1502 2438 1547 2463 ac
1562 2424 1716 2480 placitam
1749 2428 1834 2466 DE
1847 2432 1875 2467 0

1076 2482 1220 2521 animam
1232 2509 1243 2526 ‚
1264 2479 1334 2535 fine
1355 2479 1425 2520 labe
1456 2480 1634 2538 iniquitatis
1649 2511 1659 2528 ,
1680 2483 1757 2524 fine
1789 2484 1873 2526 dirz'l

1076 2541 1493 2580 excommunicationis
1509 2540 1704 2597 originalis
1725 2542 1874 2583 senten-

1077 2596 1131 2639 tia
1141 2627 1152 2644 ‚
1167 2599 1350 2639 Mamm
1362 2597 1545 2639 hactenus
1557 2598 1870 2655 perspexerimus:

1078 2671 1329 2713 properemus
1343 2659 1384 2696 in
1402 2672 1523 2697 unum
1536 2672 1673 2698 omnes
1694 2688 1705 2704 ,
1734 2662 1872 2700 imma-

1079 2714 1217 2756 culatae
1257 2714 1347 2756 huic
1362 2718 1514 2772 Virgini
1547 2715 1871 2772 gratulabundum

1079 2774 1162 2815 Ave
1176 2773 1404 2830 depromere
1423 2785 1639 2830 :properemus
1653 2780 1692 2816 &
1708 2790 1779 2815 nos
1795 2775 1871 2817 edu-

1078 2848 1148 2873 cere
1169 2832 1257 2873 illam
1288 2831 1327 2872 de
1340 2832 1440 2871 medio
1461 2832 1667 2887 iniquitatum
1687 2861 1698 2877 ,
1742 2848 1808 2874 ore
1826 2849 1871 2876 ac

1074 2890 1227 2932 calamo
1238 2920 1249 2937 ‚
1276 2889 1566 2946 quibuscunque
1581 2890 1779 2946 puriffimae
1793 2893 1870 2946 ejus

1077 2951 1361 3006 Conception'is
1410 2946 1580 2988 hostibus
1607 2947 1766 2990 viriliter
1788 2951 1873 2991 refi-

1079 3007 1240 3054 stendo‚
1270 3020 1312 3047 ut
1333 3012 1372 3047 δε
1392 3004 1467 3061 ipsa
1487 3033 1499 3050 ,
1530 3007 1786 3061 potentissima
1810 3008 1872 3050 sua

1078 3067 1366 3106 interventione
1395 3092 1407 3109 ,
1429 3074 1576 3120 properet
1610 3063 1737 3106 educere
1770 3082 1841 3108 nos
1858 3097 1870 3113 ,

1077 3128 1116 3164 de
1138 3121 1238 3162 medio
1267 3122 1471 3178 iniquitatum
1492 3122 1629 3163 mundi
1659 3124 1768 3179 hujus
1798 3129 1870 3165 im-

1133 3181 1149 3219 Ι
1161 3185 1174 3219 i
1733 3198 1847 3224 mun-

1889 435 1956 466 Psal.
1968 447 2013 475 50·

1887 489 1915 507 ν.
1925 489 1951 514 7·

1895 1069 1964 1098 psal·
1973 1079 2020 1106 40·

1898 1122 1924 1141 v.
1941 1121 2022 1147 ιιι(

1900 1164 1942 1190 ¹3-
