2159 3508
90 821 248 858 eontemp·

92 863 127 891 de
137 865 165 890 B·
176 864 211 893 V.

90 912 152 937 32.

84 2985 118 3013 ln
128 2982 157 3010 L·
168 2987 194 3012 6·

87 3027 123 3059 5.
135 3034 158 3052 1.
181 3020 211 3054 ff,

84 3066 120 3093 de
148 3064 214 3100 jure

84 3104 152 3137 fisci·
165 3111 191 3136 8<
201 3108 233 3137 L.

87 3148 150 3182 3.C·
160 3146 194 3175 de

82 3188 229 3227 quadrien.

84 3228 233 3270 gxaescript.

265 191 379 231 nium
408 186 605 229 donorum
627 182 959 225 defiderabilium:
995 180 1062 221 de-

269 247 329 288 dit
353 244 601 287 firmiffimam
632 246 729 284 Sarae
752 242 872 282 fidem
890 270 900 286 ‚
926 239 1063 280 libera-

268 304 350 345 lem
374 303 564 346 Rebeccae
591 299 948 344 mansuetudinem,
979 299 1064 338 He-

267 366 417 406 toicam
429 359 600 412 Judithae
618 357 909 402 fortitudinem,
939 356 1064 412 singu-

268 416 574 476 laremAbigailis
584 417 820 474 sapientiam,
829 413 1063 456 laudabilem

265 477 442 525 Rahabae
480 473 801 521 misericordiam,
841 473 1062 515 ferventiffi-

263 550 375 579 mam
386 538 510 577 Annae
526 563 539 581 ‚
567 536 707 576 Uxoris
719 531 872 574 Elcanae
883 531 1061 573 devotio-

265 608 360 638 nem
377 623 386 640 ,
417 592 747 651 profundiffimam
771 590 912 632 Ruthae
933 589 1061 630 humi-

266 651 415 695 litatem
427 681 439 698 ,
469 649 783 707 elegantissimam
794 648 958 689 Estheris
975 647 1060 704 pul-

265 709 548 754 chritudinem,
579 722 719 764 atque,
750 721 793 748 ut
811 711 939 763 paucis
968 721 1059 748 cum

265 766 479 811 doffiffimo
502 766 634 819 Jdiotz'l
656 765 778 807 multa
799 764 1058 821 comprehen-

265 825 375 868 dam:
407 827 491 868 Non
501 824 601 881 defuit
619 824 665 865 illi
674 825 805 882 puritas
829 823 1027 879 Angelorum
1044 851 1055 867 ,

265 900 327 926 non
328 883 414 940 fides
424 883 713 929 Patriarcharum‚
743 899 805 923 non
833 882 937 937 Zlus
963 881 1056 937 Apo-

253 944 431 999 stolorum,
460 957 524 982 non
582 942 717 982 atiemia
741 943 958 993 Martyrum,
993 953 1056 978 non

253 1001 406 1063 Μήσας
441 1000 532 1057 Confi
556 1016 644 1040 orum
663 1028 677 1046 ,
706 1015 768 1039 non
796 997 984 1042 innocentia,
1001 1010 1060 1036 auc

262 1059 419 1101 humilima
430 1060 619 1115 Wrginum,
650 1066 714 1101 &a
737 1071 893 1114 quantum
915 1055 997 1095 enim
1008 1054 1059 1094 di-

251 1118 323 1174 stat
348 1118 432 1158 inter
465 1116 591 1158 odorem
616 1146 627 1163 ‚
669 1123 710 1158 (9·
724 1115 848 1172 gustum
877 1114 1058 1154 aromatica

251 1177 368 1233 speciei
385 1201 398 1219 ,
427 1189 524 1215 tama
572 1174 614 1228 est
630 1175 715 1214 inter
765 1172 1057 1229 contemplationem

261 1235 455 1288 MARIAE
461 1262 473 1280 ‚
503 1240 543 1276 ά·
550 1233 686 1273 aliorum
698 1231 884 1272 Sanflorum
893 1229 1056 1285 distantia,

257 1289 419 1338 &fime,
450 1293 549 1332 num
560 1289 689 1346 aliqua
711 1304 847 1331 eorum
869 1292 1050 1330 omnium

258 1353 490 1407 gratiarum,
520 1364 613 1404 quas
646 1352 748 1389 inter
776 1350 934 1389 Sanaos
953 1374 964 1390 ‚
995 1361 1051 1388 at-

259 1423 335 1463 que
346 1411 492 1450 amicos
503 1407 589 1448 fiios
604 1421 685 1447 tam
705 1405 806 1447 varie
818 1405 941 1462 sparsit
958 1405 1053 1446 libe-

258 1466 434 1507 raliffima
464 1467 557 1506 DEI
583 1480 719 1505 manus
739 1491 751 1508 ‚
780 1464 966 1520 defignari
985 1478 1055 1520 po-

256 1525 352 1571 test,
377 1539 463 1579 quae
488 1527 529 1564 in
547 1527 707 1579 Virgine
724 1521 970 1579 singularibus
981 1524 1057 1579 pri-

256 1582 406 1639 vilegijs
436 1584 581 1623 auctior
606 1596 691 1622 non
734 1583 980 1622 inveniatur?
1009 1582 1055 1621 In

256 1640 410 1682 summa
429 1657 439 1681 :
461 1639 819 1695 DeditMARIAE,
851 1639 970 1684 omnia,
983 1654 1050 1695 quae

252 1700 376 1757 petivit
392 1697 435 1739 ab
465 1714 527 1744 eo,
565 1695 711 1752 datque
745 1700 788 1738 in
816 1695 1052 1738 hodiernum

258 1756 376 1813 usque
400 1756 532 1803 diem,
563 1754 790 1812 praesertim,
820 1754 846 1795 fi
867 1770 938 1811 pro
963 1769 1053 1812 pec-

255 1815 450 1863 catoribus
479 1817 667 1871 precatrix
693 1816 924 1855 interveniat
944 1842 956 1860 ,
996 1829 1055 1854 ex-

251 1875 354 1932 ceptis
374 1874 444 1920 his,
481 1873 524 1913 id
534 1872 609 1916 est>
638 1885 774 1929 praeter
786 1886 852 1919 ea,
884 1887 951 1929 quae
971 1871 1057 1913 ultr&

257 1932 417 1973 obtulerat
428 1933 467 1977 ei,
491 1947 619 1971 munere
637 1931 752 1988 Regio,
784 1933 825 1970 in
835 1930 1053 1986 primojam

255 1992 543 2047 Conceptionis
572 1987 750 2035 instanti,
780 1987 966 2045 singulare
985 1988 1052 2029 sci-

252 2048 352 2090 licet
374 2047 618 2105 privilegium
644 2077 655 2094 ,
705 2049 964 2102 exemptionis
1001 2046 1051 2087 ab

259 2106 441 2163 originali
469 2105 583 2162 culpa
605 2135 615 2152 ‚
652 2120 698 2146 ac
719 2104 873 2146 macula
897 2103 1051 2159 reliquis

257 2165 441 2206 omnibus
462 2161 675 2205 communi.
733 2165 783 2204 Et
801 2167 884 2218 quis
909 2166 1049 2204 immu-

256 2226 426 2266 nitatem
441 2222 544 2263 hanc
564 2219 864 2278 specialiffimam
883 2237 966 2262 non
989 2222 1047 2262 di-

254 2296 321 2322 cat
340 2297 455 2322 munus
476 2280 547 2321 effe
557 2279 646 2322 vei-*e
673 2281 849 2337 Regium?
871 2282 961 2320 cum
973 2282 1047 2336 pria

254 2352 399 2382 'maevus
420 2338 483 2379 ille
505 2342 644 2379 anima:
668 2342 773 2379 nitor
794 2337 911 2394 longe
927 2339 1047 2392 majus

253 2401 385 2453 utique
413 2397 563 2438 bonum
578 2397 642 2443 fit,
679 2396 799 2452 quam
820 2400 1048 2438 intemerata

253 2458 425 2513 corporis
442 2458 678 2512 Virginitas,
707 2454 769 2498 vel
800 2458 935 2496 omnia
954 2453 1047 2496 cha-

256 2518 412 2556 tismata
444 2513 557 2571 gratis
588 2513 677 2554 data
694 2541 706 2559 ,
742 2513 805 2555 vel
833 2515 951 2554 etiam
970 2513 1046 2569 ipsa

257 2575 351 2615 DEI
364 2575 616 2617 Maternitas‚
647 2570 823 2626 quamvis
850 2571 934 2613 haec
959 2587 1045 2612 mu-

256 2646 328 2672 nus
341 2631 455 2673 fuerit
467 2659 479 2677 ,
510 2645 589 2685 quo
607 2630 730 2683 majus
742 2657 753 2675 ,
775 2643 839 2671 aut
852 2629 1045 2671 excellen-

256 2693 329 2731 tius
375 2688 543 2730 conferri
571 2701 752 2728 creaturae
799 2691 863 2730 vix
885 2701 1045 2745 poterat.

254 2747 354 2789 Haec
366 2745 459 2805 ergo
474 2748 671 2803 exemptio
682 2760 821 2787 munus
833 2745 959 2794 fuit,&
971 2749 1047 2802 pri-

255 2801 451 2863 vilegium,
462 2805 559 2847 nulli
575 2801 677 2846 certe
688 2802 797 2844 alteri
808 2834 819 2852 ‚
837 2805 956 2859 quam
967 2807 1046 2846 Re-

254 2867 312 2920 gis
342 2867 496 2921 Regum
522 2867 654 2920 Regia:
672 2865 792 2904 Matri
823 2865 1045 2904 communi-

256 2922 449 2963 candum:
480 2923 574 2964 sicut
595 2923 723 2968 enim,
758 2920 966 2963 secundum
979 2924 1044 2973 Ju-

255 2979 380 3026 ristas,
410 2978 726 3038 Imperatrixfimilzis
745 2978 880 3021 babetur
898 2982 1044 3037 Impera-

255 3039 337 3082 tori,
367 3046 406 3080 ὠ·
420 3041 597 3096 participat
617 3037 722 3078 omnia
729 3038 906 3096 privilegia
917 3045 956 3082 τῇ·
958 3049 1042 3095 prce-

256 3095 443 3152 rogatiwas,
469 3095 523 3151 ipfi
532 3097 740 3153 Imperatori,
756 3097 944 3152 Majssatis
953 3099 1039 3152 jure,

256 3154 498 3195 convenientes:
515 3154 564 3196 fic
576 3154 761 3202 Christus,
781 3168 889 3198 verus
901 3157 1039 3198 DEUS

663 89 761 152 De
775 85 1070 168 'Concepta
1090 82 1247 147 Sacra
1262 80 1508 165 Deipara

1110 185 1151 221 &
1169 179 1296 219 homo
1311 207 1322 225 ‚
1351 178 1447 220 dum
1470 178 1568 220 nulli
1595 178 1671 237 legi
1686 182 1835 236 peccati
1852 172 1905 220 ess

1110 236 1163 278 set
1172 236 1364 278 obnoxius
1379 266 1390 283 ,
1419 236 1634 278 &liberum
1651 236 1687 277 se
1710 237 1833 278 nosset
1854 237 1903 278 ab

1112 293 1291 352 originali
1307 310 1375 351 per
1394 307 1596 341 naturam,
1627 294 1788 336 liberam
1805 311 1904 351 quo.-

1112 368 1187 408 que
1205 352 1347 394 habere
1362 352 1486 396 voluit
1506 356 1689 394 MARxAM
1721 359 1903 404 (munere

1111 411 1200 454 vere
1214 414 1366 467 Regio)
1399 426 1466 467 per
1482 415 1667 467 gratiam,
1698 417 1739 454 &
1750 412 1902 468 privile-

1110 473 1217 527 gium
1226 499 1237 516 ,
1270 485 1319 510 ne
1330 484 1501 524 unquam
1512 473 1552 510 in
1568 468 1756 527 originale
1767 484 1903 526 pecca-

1110 542 1196 569 tum
1209 527 1414 574 incideret,
1446 541 1511 569 aut
1524 531 1683 569 unicum
1697 541 1902 585 peccatum

1109 589 1195 627 actu
1205 585 1550 641 comitteret3quasi
1560 587 1610 628 ad
1623 586 1788 629 futuram
1796 585 1902 631 suam

1108 647 1355 686 Genitricem
1396 645 1541 687 diceret
1561 644 1657 686 illud
1689 644 1899 700 Ambrofij:

1108 703 1331 744 Generationr‘s
1345 719 1418 743 meae
1434 705 1468 743 in
1482 717 1513 743 te
1516 704 1727 761 privilegium
1747 703 1876 761 agnOstO
1887 732 1898 749 ‚

1106 776 1197 817 quem
1212 761 1299 802 nulla
1309 762 1417 818 potuit
1437 762 1565 801 macula
1580 763 1747 819 inquinare
1767 774 1901 818 peccata.

1105 820 1338 861 Praeviderat
1348 820 1431 860 haec
1443 822 1568 877 Regia
1578 823 1794 867 munera2in
1809 822 1903 861 Bea—

1105 877 1284 918 tiffimam
1295 880 1386 918 DEI
1399 881 1604 919 Parentem
1618 877 1868 935 copiofiffime
1880 877 1902 920 ἓι

1106 937 1259 978 Divino
1270 935 1480 978 Salomone
1495 936 1733 986 conferenda
1743 966 1754 984 ‚
1783 941 1902 981 Vates

1107 996 1253 1050 Regius
1268 1013 1278 1042 5
1296 994 1389 1035 hinc
1398 994 1627 1051 singularem
1647 994 1819 1050 ejusdem
1830 1011 1901 1052 pu-

1105 1052 1252 1093 riffimae
1276 1055 1560 1109 Conceptionis
1584 1057 1899 1109 praerogativam,

1106 1125 1152 1152 ac
1164 1110 1436 1152 excellentiam
1451 1110 1553 1152 hisce
1567 1111 1691 1153 verbis
1703 1111 1899 1154 declarare

1886 762 1892 768 ·
1920 755 1951 781 In
1959 753 2029 790 I’sal„

1919 804 1969 831 40·

1106 1169 1276 1212 videtur:
1315 1168 1594 1227 Adstitithgina
1609 1169 1788 1210 addextm
1811 1172 1895 1217 tuis,
1914 1201 1973 1231 pm

1105 1229 1140 1269 in
1150 1228 1266 1283 vestitu
1276 1226 1451 1274 deaurato,
1482 1227 1562 1269 hoc
1582 1228 1861 1285 Scripturistico
1879 1256 1895 1265 -
1915 1253 1940 1273 v.
1954 1214 2044 1276 11¹.⁴⁴'

1104 1285 1501 1344 Chronographicum
1551 1286 1765 1345 adjungens
1815 1287 1896 1332 elo-

1098 1348 1208 1403 gium
1229 1360 1238 1383 t

1220 1404 1486 1443 cIrCVMDasa
1504 1405 1685 1445 VitrIetate.

1103 1460 1239 1502 volens
1255 1464 1440 1501 nimirum
1451 1461 1661 1518 significare
1677 1489 1688 1506 ,
1714 1464 1753 1502 in
1768 1464 1897 1517 primo

1104 1518 1174 1561 illo
1191 1521 1475 1575 Conceptionis
1502 1520 1663 1561 articulo
1676 1550 1686 1567 ,
1700 1523 1897 1576 Reginam

1105 1577 1277 1619 nostram
1289 1576 1311 1618 ὲ.
1322 1579 1463 1618 dextris
1474 1578 1566 1619 DEI
1578 1577 1737 1619 extitisse
1751 1607 1762 1625 ‚
1796 1593 1895 1619 nun-

1099 1650 1218 1690 quam
1238 1634 1343 1682 vero,
1360 1651 1433 1676 nec
1459 1639 1604 1692 puncto
1620 1637 1779 1691 quidem
1796 1650 1895 1678 tem-

1102 1697 1223 1750 poris,
1253 1693 1467 1735 adstitiffea
1487 1694 1656 1736 sinistris:
1690 1709 1895 1751 comparu-

1103 1750 1167 1793 isse
1178 1766 1264 1793 eam
1273 1755 1315 1792 in
1332 1751 1401 1793 illo
1411 1750 1490 1809 ipso
1503 1756 1688 1810 temporis
1699 1756 1843 1809 punem
1854 1757 1895 1794 in

1104 1809 1240 1853 vestitu
1271 1810 1476 1858 deaurato,
1509 1815 1639 1867 gratiae
1666 1811 1893 1869 praeservan-

1104 1872 1151 1911 tis
1163 1867 1184 1910 ὲι
1204 1882 1436 1924 quocunque
1459 1883 1620 1925 peccato
1640 1899 1650 1916 ,
1683 1886 1809 1910 munere
1825 1872 1893 1926 ἵνζς-

1098 1928 1156 1985 gio
1192 1941 1361 1984 acceptae
1385 1944 1395 1968 :
1440 1927 1670 1969 circumdatam
1711 1941 1893 1984 praeterea

1100 1988 1280 2026 omnium
1299 1987 1461 2027 ‘varietate
1480 1990 1684 2033 virtutum,
1716 1987 1788 2028 five
1828 1994 1839 2038 ς
1852 2001 1894 2028 ut

1100 2047 1133 2085 S.
1147 2046 1411 2100 Hieronymus
1433 2048 1547 2086 vertit
1567 2050 1578 2094 )
1607 2045 1777 2102 simulatis
1798 2046 1892 2100 vesti-

1099 2101 1175 2143 bm:
1204 2102 1344 2143 merito
1366 2106 1473 2143 enim
1501 2103 1620 2144 vestes
1650 2107 1778 2160 gratiae
1792 2103 1891 2149 illius

1089 2161 1261 2215 simulatae
1286 2160 1547 2218 appellantur,
1570 2165 1660 2216 quia
1677 2161 1783 2202 mille
1808 2161 1888 2203 scu-

1099 2233 1138 2260 ta
1163 2234 1325 2275 peccato
1347 2218 1523 2276 opposuit
1545 2219 1699 2276 copiosa
1732 2223 1887 2262 MAMAE

1096 2281 1240 2334 gratia,
1270 2279 1374 2333 juxta
1385 2277 1481 2318 illud
1509 2294 1518 2318 :
1562 2277 1661 2317 Mille
1684 2278 1783 2334 clypei
1805 2289 1887 2335 pen-

1095 2335 1171 2376 dent
1184 2353 1226 2376 ex
1235 2335 1291 2384 ειῖ,
1330 2351 1496 2391 quorum
1510 2334 1597 2376 sane
1617 2336 1886 2379 fortitudinem
1905 2323 1928 2350 C

1096 2398 1246 2450 peccati
1274 2393 1470 2451 originalis
1501 2409 1606 2435 arma
1635 2393 1798 2434 minime
1824 2411 1890 2435 ex-

1095 2467 1290 2509 pugnare,
1321 2467 1384 2494 aut
1420 2452 1626 2509 infringere
1670 2467 1886 2508 potuerunt.

1095 2514 1158 2551 Tu
1180 2511 1342 2567 proinde
1362 2511 1568 2552 feliciffima
1578 2510 1795 2557 nonSabae,
1825 2511 1889 2552 sed

1095 2570 1363 2627 CoeliRegina
1386 2574 1393 2609 Ε
1425 2571 1487 2610 cui
1506 2568 1683 2611 Coelestis
1699 2569 1885 2611 Salomon

1093 2631 1229 2670 omnia
1243 2628 1311 2670 dat
1325 2657 1336 2674 ,
1368 2643 1452 2683 quae
1470 2629 1525 2668 vis
1557 2633 1598 2670 &
1614 2630 1710 2684 petis
1732 2627 1780 2669 ab
1801 2643 1848 2668 eo
1872 2658 1885 2675 ,

1095 2700 1184 2742 pete
1207 2691 1362 2728 veniam
1385 2685 1604 2726 nostrorum
1633 2684 1882 2728 delictorum:

1094 2757 1185 2800 pete
1212 2743 1345 2785 seriam
1367 2744 1493 2784 cordis
1515 2746 1885 2799 compunctionem:

1095 2815 1183 2858 pete
1203 2801 1412 2859 perfeetam
1435 2807 1523 2843 vitae
1549 2804 1730 2843 miteats'cae
1752 2818 1885 2844 emen—

1095 2860 1295 2902 dationem
1309 2876 1317 2899 :
1348 2873 1434 2917 pete
1446 2859 1599 2901 felicem
1610 2859 1630 2901 ὲ
1642 2860 1799 2902 mortali
1809 2861 1883 2903 hac

1093 2918 1172 2960 viti
1186 2922 1332 2960 exitum
1358 2923 1366 2959 ἔ
1397 2916 1504 2959 dabit
1518 2918 1619 2960 certe
1643 2918 1726 2959 haec
1751 2923 1885 2960 omnia

1092 2978 1133 3017 in
1145 2991 1281 3019 manus
1293 2991 1384 3020 tuas,
1396 2976 1477 3018 imo
1490 2976 1714 3034 superaddet
1740 2984 1750 3028 (
1766 2991 1807 3018 ut
1821 2976 1884 3033 pie

1090 3034 1302 3092 speramus)
1336 3049 1475 3077 munus
1492 3035 1689 3091 quoddam
1703 3037 1882 3092 Regium,

1090 3094 1316 3136 fruitionem
1328 3092 1470 3135 scilicet
1485 3094 1636 3136 visionis
1647 3093 1716 3134 suae
1731 3093 1880 3135 Beatifi·

1089 3168 1156 3200 cae,
1185 3155 1370 3207 aeternum
1388 3166 1665 3209 perennaturae:

1756 3213 1788 3257 ς.
1821 3223 1854 3247 2.

1907 2372 1930 2392 C.

1931 2330 1990 2353 ant.

1951 2371 1980 2402 4.
