2159 3508
129 355 212 410 52.

133 1944 218 2020 ''53-

294 144 372 198 24

476 229 576 289 §.3
621 223 801 284 Ratio.

327 309 788 375 aConCeptIone
829 313 963 376 gaV-

255 448 553 548 COnceptio
585 447 844 489 Immaculata:
877 445 1046 501 Virginis

367 508 523 546 MAmAE
535 510 747 547 maximum
768 508 840 547 toti
855 502 937 545 orbi
956 518 1047 559 gau-

256 561 366 602 dium
394 563 538 610 attulit,
574 569 779 605 occinente
809 563 849 604 id
871 561 991 618 ipfilm
1012 564 1045 602 S·

257 621 384 661 Matre
404 621 586 669 Ecclefia,
618 626 659 663 in
684 624 756 664 hac
776 622 912 663 eadem
933 617 1049 660 Festi-

257 680 391 719 vitate:
406 682 565 736 conceptio
577 683 650 722 ‘Iica
662 707 673 724 ‚
703 682 770 720 Dei
774 680 918 738 genitrix
928 677 1048 733 Wrgo!

252 735 408 791 gaudium
429 739 638 780 annuntiavit
664 739 809 795 universe}
830 736 944 779 mundo
963 752 976 781 3
1008 750 1049 773 ex

258 793 399 834 :nenim
416 810 504 835 orem
517 797 556 850 est
574 798 627 837 Sol
641 798 796 852 Justiciae,
831 805 898 841 &a
933 795 1050 847 Atqui

258 852 442 908 gaudium
463 854 575 895 nobis
588 859 814 897 annuntiare
839 868 921 897 non
940 864 1051 909 potu-

259 907 360 956 isset,
390 911 417 950 fi
437 914 475 952 B.
487 916 610 970 Virgo
622 913 759 955 inlabe
771 910 1052 970 originalicon·

259 982 372 1024 cepta
393 968 514 1011 fuisset
547 974 648 1028 Ergo
659 978 732 1015 &c.
793 972 933 1014 Probat
956 971 1051 1009 min·

258 1027 508 1084 Conceptio,
547 1045 632 1085 quae
654 1046 760 1072 certo
788 1043 954 1072 moerore
971 1052 981 1069 2
1014 1039 1053 1065 2-

258 1087 516 1133 maritudine,
547 1094 587 1130 &
617 1089 782 1130 tenebris
807 1089 922 1146 plena
951 1083 1006 1125 est
1039 1111 1051 1130 ι

258 1143 447 1198 gaudium
485 1151 710 1188 annuntiare
761 1162 843 1188 non
894 1141 1017 1204 potest
1041 1160 1052 1189 5

261 1202 368 1255 quod
386 1206 493 1243 enim
506 1219 589 1245 non
600 1204 718 1246 habet
729 1234 739 1250 ,
771 1210 887 1247 etiam
903 1215 1055 1247 annun-

260 1262 355 1300 tiare
375 1276 457 1301 non
468 1262 612 1317 potest:
644 1267 761 1319 Atqui
786 1263 858 1306 effe
886 1273 1054 1315 concep-

261 1321 392 1359 tamin
404 1318 490 1359 labe
505 1321 682 1378 originali
697 1352 707 1368 ,
739 1323 792 1363 est
804 1323 874 1364 effe
886 1331 1055 1373 concep·

261 1387 344 1416 tam
363 1380 405 1417 in
417 1377 601 1425 tenebris,
632 1386 670 1422 δε
683 1380 818 1422 umbra
831 1387 966 1423 mortis
977 1381 1055 1417 &C-

261 1432 438 1489 adeoque
468 1437 607 1479 merito
631 1440 777 1485 Maria,
810 1455 899 1480 cum
926 1432 1057 1481 Tobia

262 1492 433 1539 Seniori‚
465 1492 665 1536 lamentari
677 1497 854 1552 potuiffet
863 1514 896 1539 c.
914 1515 942 1552 5.
958 1515 991 1540 v.
1006 1507 1055 1531 12·

261 1549 371 1608 Qale
383 1550 539 1608 gaudium
554 1554 632 1594 mihi
645 1555 716 1598 erit,
735 1571 802 1612 quae
813 1557 847 1595 in
862 1553 1054 1609 tenebrvrst·

261 1607 346 1651 deo,
377 1615 534 1651 &lumen
546 1612 612 1652 coeli
636 1628 697 1651 non
708 1613 838 1654 video?
872 1616 998 1671 Ergo,
1028 1607 1054 1646 fi

261 1664 578 1723 &Conceptione
609 1672 766 1712 MARIAE
795 1675 866 1712 toti
881 1673 966 1713 orbi
1003 1664 1057 1713 af-

264 1723 381 1765 fertur
388 1725 582 1781 gaudium,
592 1743 677 1769 eam
690 1729 765 1772 fine
773 1729 885 1772 omni
896 1730 981 1773 labe
992 1745 1057 1772 ex·

264 1780 389 1830 titiffiz
414 1783 625 1827 dicendum
640 1786 703 1828 est.

464 1888 502 1937 §.
524 1892 577 1947 4.
619 1881 849 1951 Historia.

298 1956 461 2018 IMago
496 1958 710 2018 VIrgInIs
733 1955 979 2012 ILLIbatae,
1000 1956 1025 2007 ὲ

432 2026 633 2071 DoLore
656 2024 888 2074 leerans.

264 2110 565 2211 PRoscriptis
590 2116 709 2155 Anno
722 2128 827 2166 1442.
841 2116 1059 2160 Monachio

370 2169 569 2213 Hebraeis,
622 2170 797 2213 Albertus
828 2177 1060 2218 Bavarorum

265 2228 360 2267 Dux
370 2229 637 2273 Sereniffimus‚
647 2234 892 2287 Synagogam
905 2262 914 2278 ‚
940 2248 1059 2288 quam

264 2284 446 2326 hactenus
461 2286 517 2327 illi
539 2286 802 2335 incoluerant,
825 2290 964 2331 celebri
980 2295 1059 2333 cui-

265 2343 359 2384 dam
371 2347 475 2390 viro,
501 2350 645 2396 Joanni
664 2347 843 2388 Hartlieb
882 2348 1060 2400 (Aulicus

263 2402 439 2443 medicus
453 2401 518 2443 hic
534 2409 635 2454 erat)
653 2404 764 2446 dono
775 2408 967 2454 conceffit,
994 2413 1061 2464 qui

265 2458 333 2501 sibi
354 2460 598 2503 domicilium
627 2462 771 2505 struens
800 2494 810 2511 ,
857 2466 1062 2522 Capellam

265 2517 443 2572 adjunxit
459 2522 500 2559 in
513 2519 620 2567 foro,
651 2537 742 2563 cum
761 2522 953 2570 Altari,in
988 2525 1062 2567 ho-

266 2590 407 2617 norem
426 2578 683 2620 immaculatae
695 2582 977 2638 Conceptionis
987 2613 998 2630 ,
1011 2585 1062 2627 ad

266 2648 433 2675 omnem
450 2636 703 2678 devotionem
734 2638 923 2682 exstructo
943 2670 955 2687 ‚
998 2642 1065 2684 ubi

267 2691 392 2734 multa
406 2691 534 2734 statim
542 2693 730 2737 beneficia
738 2697 833 2742 ‚imo
848 2705 890 2741 ὃς
900 2703 1064 2742 miracu-

269 2749 307 2791 la
316 2751 849 2810 contingebanssmagnusc‘jue
859 2756 991 2813 populi
1002 2774 1066 2800 ac-

271 2807 394 2849 cursus
410 2810 532 2851 indies
543 2810 759 2867 augebatur.
800 2815 841 2854 N
844 2814 1063 2858 ecessarium

270 2866 439 2908 omnino
463 2868 686 2916 videbatur,
728 2871 930 2927 Capellam
959 2874 1062 2916 hanc

272 2923 431 2965 reddere
446 2927 694 2984 ampliorem5
725 2928 816 2973 hinc
831 2929 995 2972 domum
1006 2932 1063 2974 su-

273 2995 340 3024 am
363 2986 531 3026 omnine>
551 2986 739 3028 destruere
772 3002 854 3028 non
875 2989 1064 3033 dubitavit

274 3039 437 3085 devotus
457 3043 656 3093 Medicum
700 3058 742 3088 ut
752 3048 907 3090 Marum
923 3048 1063 3095 domus

647 121 738 180 De
751 120 1037 200 Concepta
1048 117 1202 180 Sacra
1215 115 1454 198 Deipara

1093 215 1312 258 dilataretur
1331 246 1342 263 ,
1373 231 1489 272 quam
1504 216 1641 273 jugiter
1664 213 1885 262 fundatam,

1092 274 1210 316 tribus
1221 274 1410 316 Altaribus
1422 304 1433 320 ,
1458 289 1530 314 nec
1542 289 1625 315 non
1649 276 1781 332 crypta
1795 275 1888 331 qua-

1093 333 1186 373 dam
1206 330 1442 374 subterranea
1467 361 1478 378 ,
1509 347 1552 371 ac
1580 331 1784 389 insignibus
1809 336 1887 375 Re·

1094 389 1217 445 liquijs
1237 391 1418 447 providit,
1492 388 1629 431 Altaris
1672 394 1849 447 praecipui
1876 419 1888 437 ,

1094 447 1237 489 scilicet
1280 446 1539 489 immaculatae
1607 450 1891 505 Conceptionis

1095 507 1305 549 Dedicatio
1320 535 1332 552 ‚
1357 508 1561 561 quotannis
1572 505 1805 552 celebratur,
1828 506 1892 547 die

1096 567 1214 605 Lunae
1226 593 1238 610 ,
1268 565 1414 605 dictum
1446 563 1598 605 Festum
1632 563 1894 620 subsequente.

1096 625 1242 666 Verum
1260 652 1272 668 ‚
1301 625 1394 663 cum
1415 635 1589 678 tempore
1623 622 1890 666 reformantis,

1095 680 1156 721 seu
1168 683 1293 737 potius
1315 680 1566 721 deformant-‚is
1582 709 1593 727 ,
1638 680 1736 737 proh
1755 679 1888 720 dolor!

1098 739 1279 785 Luthei·i‚
1312 738 1486 779 Ecclefiae
1508 738 1667 793 quidem
1680 753 1762 795 pars
1784 737 1890 794 supe-

1098 800 1176 837 rior
1191 795 1301 836 illaefii
1320 795 1544 853 persisteret,
1574 799 1721 854 Crypta
1737 795 1831 837 vero
1848 799 1889 836 in

1100 853 1423 895 conservatorium
1458 869 1606 901 rerum,
1638 855 1687 895 ad
1706 854 1892 895 decorem

1100 911 1274 953 Ecclefiae
1316 915 1591 969 pertinentium
1634 926 1893 953 commutare-

1100 984 1160 1011 tur
1174 997 1185 1012 .
1217 969 1316 1011 adeo
1333 1000 1344 1017 ,
1375 984 1416 1012 ut
1425 970 1524 1011 dieta
1536 970 1793 1011 immaculatae
1805 973 1892 1013 Vir-

1100 1031 1198 1085 ginis
1222 1032 1351 1085 imago
1375 1027 1669 1085 percomplures
1679 1031 1813 1069 Annos
1834 1031 1893 1068 in-

1100 1087 1291 1128 honorata
1315 1116 1325 1132 ,
1356 1090 1419 1128 vix
1453 1102 1536 1127 non
1570 1086 1760 1127 oblivioni
1783 1089 1913 1143 peni-·

1103 1147 1161 1185 tus
1171 1144 1378 1185 traderetur
1398 1174 1409 1190 ‚
1441 1143 1597 1199 sequens
1605 1144 1766 1185 tandem
1775 1147 1896 1185 Anno

1103 1201 1312 1243 Millefimo
1328 1232 1338 1249 ‚
1369 1201 1650 1244 Sexcentefimo
1668 1231 1680 1248 ,
1709 1202 1894 1242 duodeci-

1104 1276 1173 1301 mo
1188 1263 1353 1317 contigit
1370 1259 1602 1302 Miraculum
1620 1277 1630 1300 .·
1661 1261 1766 1302 Cum
1786 1263 1899 1300 enim

1105 1319 1316 1360 Catharina
1329 1318 1680 1360 Kammerhoherin
1692 1347 1705 1364 ,
1735 1318 1900 1359 Ordinis

1104 1380 1140 1420 S,
1163 1376 1371 1422 Francisci,
1400 1379 1608 1433 Virginum
1639 1376 1899 1417 mendicanti⁶

1105 1448 1172 1474 um
1190 1435 1392 1489 Monachij
1413 1438 1540 1480 Soror,
1559 1449 1626 1491 per
1646 1437 1824 1479 Annum,
1854 1440 1897 1476 ὃ(

1106 1490 1205 1532 ultra
1219 1521 1230 1538 ,
1262 1497 1438 1534 maximo
1479 1491 1686 1534 amborum
1724 1506 1898 1548 genuum

1106 1549 1242 1590 dolore
1263 1552 1513 1596 cruciaretur,
1544 1548 1771 1605 nullumque
1788 1548 1896 1590 malo

1104 1608 1319 1651 remedium
1359 1608 1541 1649 sufficeret
1555 1637 1566 1654 ,
1609 1608 1789 1648 fiduciam
1830 1606 1898 1648 illa

1105 1679 1287 1712 omnem,
1317 1669 1359 1705 in
1371 1668 1452 1708 DE
1464 1669 1577 1716 ΠΜ»
1607 1665 1898 1707 Sancuffimam-

1105 1721 1181 1777 c'lue
1189 1724 1268 1777 ejus
1283 1724 1498 1769 parentem,
1511 1723 1683 1780 reposuit.
1728 1726 1777 1764 Et
1784 1726 1897 1763 ecce!

1098 1784 1197 1822 vivis
1207 1782 1284 1836 ejus
1306 1785 1431 1822 menti
1453 1781 1647 1822 coloribus
1659 1781 1898 1838 repraesenta·

1106 1838 1216 1880 batur
1226 1842 1358 1895 imago
1373 1841 1481 1895 hujus
1494 1853 1634 1896 cryptae
1646 1869 1657 1886 ‚
1689 1839 1782 1882 licet
1798 1853 1900 1880 nun-

1107 1896 1227 1951 quam
1248 1895 1316 1936 ase
1329 1897 1423 1952 visa,
1454 1897 1515 1939 vel
1532 1901 1712 1954 cognita,
1731 1897 1794 1938 {ed
1814 1912 1899 1938 tan-

1107 1958 1194 1996 tum
1204 1954 1252 1995 ab
1267 1954 1348 2009 alijs
1360 1985 1371 2002 ,
1395 1955 1530 2009 quibus
1544 1955 1608 1996 illa
1619 1959 1901 2012 apparitionem

1104 2026 1346 2059 narraverat,
1374 2013 1574 2070 explicata,
1605 2013 1680 2070 ipsa
1691 2028 1821 2055 autem
1833 2029 1900 2053 eo-

1105 2071 1210 2117 dem,
1223 2085 1301 2126 quo
1317 2075 1447 2127 imago
1458 2070 1801 2127 repraesentabatur,
1816 2086 1903 2111 mo-

1108 2142 1257 2175 mento,
1270 2128 1318 2170 ab
1328 2128 1439 2170 omni
1449 2129 1595 2175 dolore,
1620 2145 1666 2170 ex
1683 2144 1781 2176 toto,
1805 2129 1902 2171 libe-

1109 2202 1149 2228 ra
1185 2187 1373 2228 remansit.
1433 2187 1549 2229 Unde
1575 2188 1737 2235 factum,
1768 2202 1810 2229 ut
1835 2204 1902 2228 ex-

1108 2244 1224 2286 citata
1242 2245 1290 2286 de
1303 2254 1430 2291 novo,
1446 2246 1535 2302 erga
1543 2245 1686 2286 dictam
1706 2250 1747 2287 in
1768 2244 1905 2302 crypt&

1109 2306 1321 2360 imaginem
1370 2304 1577 2345 devotione
1599 2333 1609 2350 ,
1644 2303 1750 2345 locus
1765 2303 1902 2345 confe-

1109 2360 1196 2401 stim
1207 2362 1255 2402 ad
1278 2376 1440 2402 omnem
1458 2361 1678 2402 decentiam
1694 2377 1900 2419 perpurga-

1110 2433 1187 2466 tus,
1215 2419 1332 2460 tribus
1342 2419 1510 2462 fenestris
1529 2418 1750 2467 illustratus,
1780 2424 1899 2462 Sacri,

1110 2477 1178 2518 stia
1189 2478 1337 2534 insuper
1354 2477 1522 2534 apposita
1534 2477 1645 2518 fuerit
1659 2507 1669 2524 ‚
1701 2494 1745 2519 ac
1757 2477 1900 2535 magn&

1110 2534 1200 2576 illue
1227 2539 1484 2578 conveniente
1511 2535 1644 2592 populi
1664 2536 1896 2591 frequentia,

1113 2592 1305 2650 plurimis,
1337 2593 1560 2639 utantehac,
1591 2593 1786 2649 beneficijs
1797 2596 1896 2634 Ima-

1112 2666 1165 2707 go
1191 2651 1377 2696 claruerit.
1435 2652 1573 2708 Magist·
1594 2654 1737 2699 Joannes
1757 2652 1902 2692 Partho-

1112 2710 1238 2751 lomaeus
1248 2709 1493 2763 Schnkmficss,
1523 2709 1636 2748 Traae.
1662 2709 1699 2748 de
1714 2709 1829 2768 Cryptci
1849 2712 1895 2755 P.

1229 2767 1323 2825 Virg.
1335 2765 1472 2824 impreffi
1484 2766 1666 2823 Ingolstadij
1683 2770 1760 2809 An-

1434 2839 1474 2865 no
1486 2835 1580 2870 1625.

1470 2937 1545 2961 *ι-

1471 2971 1544 2995 «ς,
