2159 3508
129 2651 256 2719 645.

278 186 389 228 simili
400 187 497 231 ieku,
527 182 744 224 Antiochiae
771 181 877 237 super
893 191 1070 236 pontem,

281 250 322 285 in
346 244 438 285 duas
485 241 660 296 desuperi
684 250 806 296 partes
828 237 960 280 divisit.
1027 235 1071 275 Id

280 301 485 360 praeier‘tim
530 299 580 339 de
630 297 805 340 valoroso
843 296 920 337 hoc
945 292 1068 334 milite

282 359 502 401 notandum
519 375 527 398 ε
560 356 666 412 quod
687 358 778 396 cum
788 368 929 409 equum
944 366 1069 407 quon-

284 420 376 459 dam
391 417 516 463 suum,
547 417 721 472 gramina
742 411 1022 469 depascentem,
1047 408 1069 449 {a

284 475 403 533 longe
413 471 649 519 observasset,
668 470 831 512 immani
851 470 964 511 leone
985 468 1072 509 evi-

285 538 377 575 cino
407 547 543 574 monte
565 531 789 572 decurrente
825 532 923 583 (qui
959 526 1073 583 pluri-

285 607 371 633 mos
421 592 499 646 jam
542 604 626 630 non
656 589 835 629 homines
877 588 1030 627 tantum
1062 613 1073 631 ‚

286 651 349 691 sed
369 656 410 692 &
443 663 562 703 equos
589 645 834 696 dilacerarat)
866 658 980 699 atque
995 642 1073 699 ple-

286 723 342 749 no
387 709 491 748 cursu
530 720 674 760 equum
712 707 838 746 versus
867 704 1075 758 appropin-

284 779 428 822 quante
439 795 450 811 ,
475 764 548 821 ipse
557 763 785 806 Wickherus
795 762 842 802 de
858 759 987 801 baiulo
996 760 1074 799 hoc

285 824 351 866 suo
371 822 515 880 magis,
541 820 658 877 quam
674 821 723 861 de
740 818 894 877 propria
915 816 993 860 vita
1003 816 1075 857 sol-

287 882 435 927 licitus,
463 896 557 921 mox
572 880 677 920 scuto
703 875 963 935 apprehenso,
994 874 1075 931 gla-

284 939 431 996 dioque
467 939 659 984 districto,
685 938 822 992 jubatae
858 934 913 976 illi
939 933 1075 975 belluae

284 998 444 1040 obviam
472 995 706 1055 processerit:
726 996 822 1050 'quae
841 992 964 1035 milite
983 1007 1078 1032 con-

285 1057 434 1114 specto,
465 1071 560 1098 mox
577 1058 665 1110 equi
680 1058 910 1096 immemor,
937 1063 1018 1091 tota
1035 1055 1074 1089 in

283 1117 491 1158 hominem
526 1113 778 1157 exacerbata,
810 1123 960 1150 scutum
997 1109 1074 1161 ejus

285 1173 554 1231 apprehendit.
601 1173 747 1215 Verum
762 1167 931 1211 valorosa
943 1167 1075 1207 Wick-

284 1232 367 1273 heri
377 1232 532 1273 dextera
545 1260 556 1276 ,
584 1233 712 1286 primo
732 1228 860 1269 statim
882 1227 957 1265 ieta
971 1250 982 1268 ,
1012 1239 1076 1264 ca-

282 1304 353 1348 put
382 1287 658 1344 cerebrumque
695 1286 825 1328 Bestiae
845 1283 944 1325 adeo
980 1298 1076 1323 con-

283 1348 419 1405 fregit,
447 1361 490 1389 ut
532 1347 581 1388 ad
611 1346 725 1403 pedes
756 1343 865 1402 ipsius
888 1344 1075 1382 exanimis

284 1409 526 1463 quantocyus
575 1404 639 1445 illa
690 1405 873 1445 corruerit
895 1430 907 1447 ,
950 1398 1076 1454 ficc'lue

284 1480 431 1522 magno
453 1467 570 1505 totius
587 1462 773 1505 exercitus
803 1457 980 1516 applausu
1001 1456 1077 1513 ipse

283 1527 407 1566 victor
419 1521 576 1564 evaserit
597 1538 605 1562 :
636 1520 794 1562 salutem
809 1532 893 1559 non
904 1515 969 1556 fibi
991 1528 1077 1555 tan-

284 1585 369 1623 tum
384 1611 396 1628 ,
424 1596 468 1622 ac
484 1595 586 1636 equo
601 1579 686 1626 suo,
720 1577 782 1619 sed
802 1583 843 1620 &
865 1575 945 1628 alijs
964 1572 1077 1615 asera

281 1639 356 1682 hac
375 1640 531 1681 ulterius
550 1637 771 1679 infestandis
792 1632 1015 1676 concilians.

364 1698 546 1740 Miranda
564 1695 668 1737 certe
689 1694 847 1751 gregarii
878 1691 985 1745 hujus
1002 1692 1077 1729 mi-

278 1756 355 1797 litis
404 1755 591 1797 fortitudo
614 1758 622 1793 !
649 1752 712 1794 sed
741 1749 864 1807 magis
903 1746 1072 1789 omnino

276 1814 457 1855 miranda
492 1815 687 1869 Virgineae
725 1811 836 1853 DEI
863 1808 1072 1849 Genitricis

276 1872 526 1914 bellicositas:
556 1886 642 1927 quae
657 1872 774 1911 unico
793 1865 989 1925 puriffimae
1001 1862 1072 1904 suae

279 1932 563 1987 Conceptionis
592 1932 667 1970 istu
688 1957 699 1975 ‚
731 1941 814 1970 non
833 1938 955 1967 unum
987 1936 1072 1963 tan-

492 2224 643 2303 D&
696 2214 1071 2323 Concepta

686 88 776 148 De
788 82 1073 163 Concepta
1094 84 1248 142 Sacra
1270 76 1507 160 Deipara

1120 181 1203 219 tum
1219 179 1398 220 leonem,
1430 178 1582 232 objecto
1601 180 1757 221 Divinae
1779 195 1905 237 prote-

1118 240 1255 278 &ionis
1289 236 1417 282 scuto,
1448 251 1492 276 ac
1536 237 1665 293 gladio
1711 239 1905 280 destinatae

1119 298 1373 336 maternitatis
1398 294 1597 350 prostravit
1617 325 1628 341 ,
1659 295 1720 335 sed
1746 302 1785 338 ὃς
1811 298 1906 355 ficper

1117 353 1253 409 aspidem
1268 383 1278 400 ‚
1307 361 1345 395 (φ
1359 351 1529 407 bafiliftum
1540 352 1791 400 inambulans,
1812 371 1906 396 con-

1118 411 1281 454 culcavit
1297 414 1444 455 Leonem,
1458 419 1495 454 (5
1507 413 1686 451 Draconem
1697 426 1912 467 ,peccatum

1121 470 1306 527 originale
1318 499 1327 514 ,
1344 469 1505 510 mortale
1517 499 1526 514 ‚
1557 484 1602 510 ac
1619 469 1768 510 veniale
1785 499 1794 515 ‚
1825 486 1906 511 ver-

1122 528 1198 574 bo,
1222 539 1357 569 omnes
1382 527 1520 567 inferni
1549 530 1666 573 vires,
1700 531 1816 568 unico
1839 529 1907 569 illo

1123 590 1198 627 ictu
1224 587 1371 638 dejecit.
1432 587 1518 625 Nec
1560 589 1729 626 mirum!
1762 586 1908 627 fienim

1122 659 1271 686 tantam
1285 643 1511 684 Wickherus
1528 643 1575 683 de
1587 643 1650 684 suo
1665 659 1766 698 equo
1779 660 1909 685 curam

1123 703 1275 748 habuit,
1307 715 1347 743 ut
1362 701 1435 757 ipse
1452 716 1521 757 pro
1536 702 1795 743 conservanda
1814 704 1912 757 ejus,

1124 762 1216 801 dem
1247 760 1348 806 vita,
1377 763 1569 815 propriam
1598 759 1768 815 periculo
1789 764 1909 802 vitam

1122 834 1316 875 exponere
1337 833 1419 858 non
1446 816 1626 858 dubitarit
1650 836 1659 864 3
1691 832 1909 872 quantacu-

1124 892 1163 918 ra
1180 892 1261 917 non
1281 876 1393 917 fuerit
1404 878 1444 916 D
1458 877 1486 915 E
1499 878 1540 916 O
1555 905 1566 923 ,
1596 876 1644 917 de
1653 875 1713 916 sua
1725 876 1909 917 dileetiffi-

1126 935 1192 976 ma
1210 937 1338 976 Matre
1358 963 1367 979 ,
1398 936 1438 972 in
1450 933 1525 976 vita
1546 941 1673 990 gratiae
1694 934 1805 975 omni
1825 950 1911 976 mo·

1127 1005 1264 1034 mento
1295 991 1552 1033 conservanda
1587 1006 1597 1034 ,2
1630 996 1763 1037 Vitam
1782 992 1907 1039 certe,

1125 1067 1241 1106 quam
1263 1052 1441 1093 nondum
1452 1052 1639 1097 hauserat,
1668 1057 1708 1093 &
1719 1066 1886 1092 mortem
1898 1080 1908 1097 ,

1124 1125 1241 1165 quam
1271 1111 1440 1151 necdum
1475 1113 1714 1167 oppetierat,
1746 1124 1815 1165 pro
1843 1109 1910 1150 tali

1125 1171 1261 1210 Matris
1279 1168 1566 1211 conservatione
1589 1198 1599 1215 ,
1628 1168 1815 1223 tanquam
1833 1167 1912 1209 scu—

1126 1240 1209 1269 tum
1227 1227 1545 1284 inexpugnabile,
1576 1226 1831 1284 praeservative
1849 1241 1913 1266 ex-

1127 1285 1257 1327 hibere
1282 1285 1425 1334 voluit,
1453 1300 1494 1327 ut
1518 1287 1566 1326 de
1593 1299 1755 1326 tartareo
1780 1288 1913 1327 Leone

1126 1348 1244 1386 Matri
1294 1343 1365 1386 suae
1419 1344 1661 1386 dileffiffimae
1714 1347 1913 1386 victoriam

1126 1402 1364 1445 conciliaret.

1258 1522 1298 1575 ξ.
1317 1530 1368 1585 7.
1397 1517 1754 1590 Anagramma.

1193 1616 1345 1675 Vlrgo
1384 1612 1572 1660 Infecta
1603 1610 1623 1666 ἓ
1659 1613 1846 1659 nVLLo

1427 1686 1606 1730 MoDo.

1123 1766 1233 1823 Virgo
1253 1765 1266 1805 ‚¹
1292 1780 1337 1807 an
1352 1764 1521 1822 deturpata
1531 1779 1563 1803 es
1577 1762 1598 1802 ἃ
1609 1759 1735 1803 Μαεκῖἂ
1742 1760 1767 1800 ?
1776 1757 1915 1800 minime.

1932 1615 2068 1682 644·

1352 1837 1484 1883 Verfio
1501 1835 1683 1879 litteralis,

1122 1919 1203 1958 Ave
1213 1915 1349 1959 Maria,
1356 1913 1469 1972 gratia*
1468 1914 1580 1971 plena,
1592 1914 1750 1953 Dominus
1760 1923 1872 1952 recum.

950 2036 1930 2147 examinem&

1120 2209 1331 2290 Sacra
1375 2209 1707 2314 Deipara.

588 2369 1277 2452 CONCEPTUS
1360 2368 1611 2436 XCIII.

495 2543 534 2596 §.
550 2548 586 2586 1.
623 2536 875 2606 Scripturas.

366 2624 513 2676 Chara
581 2628 805 2672 GenItrIX
829 2657 846 2677 ,

521 2697 875 2744 ConDeMnata.

297 2778 438 2826 Joann.
451 2789 482 2814 c.
494 2778 526 2814 8.
538 2790 572 2813 v.
593 2789 649 2818 10,
661 2779 701 2816 δε
713 2788 759 2813 11.
774 2771 904 2813 Mulier
913 2770 927 2808 Ι
942 2768 1085 2824 ubisum,

351 2833 404 2888 qui
424 2846 456 2870 te
470 2831 691 2888 accufhbant?
723 2846 811 2871 nemo
835 2843 866 2868 te
898 2826 1085 2867 condemna-

353 2891 444 2930 ¹uait?
453 2906 520 2946 quae
541 2889 649 2929 dixit:
677 2891 784 2930 Nemo
806 2887 951 2928 Domine.
984 2886 1085 2926 Dixit

353 2962 460 2987 autem
472 2949 647 2997 eiJEsczs
653 2966 661 2990 :
676 2951 751 2988 Nec
761 2963 814 3004 ego
825 2960 854 2985 te
865 2942 1081 2985 condemnabo,

438 3027 507 3062 Uae
537 3022 651 3064 verba
679 3051 691 3068 ,
736 3024 776 3061 in
806 3018 1001 3077 praesenti,
1034 3035 1082 3060 ex

305 3037 679 3193 Qlivangelio
711 3084 899 3125 recitata,
946 3078 1080 3134 benig-

473 3138 636 3179 mffimus
659 3139 829 3181 Salvator
850 3137 998 3184 noster,
1030 3137 1080 3179 acl

917 2638 1018 2672 nOn

1135 2499 1345 2541 adulteram
1357 2498 1461 2539 illam
1477 2527 1487 2544 ‚
1515 2513 1559 2539 ac
1572 2501 1824 2554 peccatricem
1837 2513 1922 2540 mu..

1134 2558 1268 2600 lierem
1309 2556 1477 2614 proferre
1524 2556 1700 2613 dignatus
1731 2556 1784 2596 est
1805 2583 1815 2599 ,
1857 2573 1919 2598 ea-

1134 2617 1225 2657 dem
1249 2616 1325 2673 ipsa
1354 2615 1471 2656 hodie
1518 2615 1567 2655 ad
1609 2615 1810 2655 mulierem
1836 2631 1920 2656 non

1136 2677 1414 2731 peccatricem,
1442 2671 1502 2713 fied
1528 2676 1676 2729 peccati
1697 2671 1825 2713 omnis
1854 2689 1919 2714 ex-

1135 2747 1314 2789 pertem,
1356 2731 1511 2771 charam
1558 2729 1700 2771 scilicet
1738 2732 1921 2772 Numinis

1135 2793 1379 2832 Genitricem
1398 2815 1408 2832 2
1440 2788 1610 2844 usurpare
1648 2803 1731 2829 non
1762 2805 1918 2830 vereor:

1136 2848 1287 2888 Mulier!
1316 2846 1377 2887 seu
1398 2850 1522 2902 potius
1549 2851 1618 2895 (ut
1646 2860 1735 2886 cum
1749 2847 1921 2888 Archan-

1133 2906 1221 2963 gelo
1238 2907 1464 2946 reverentius
1485 2904 1534 2945 ad
1546 2907 1748 2960 Virginem
1760 2904 1916 2960 loquar)

1133 2963 1303 3003 DenediHa
1317 2964 1350 3002 in
1367 2962 1578 3002 mulieribus!
1612 2962 1665 3001 ubi
1675 2962 1754 3017 ficnt
1768 2992 1778 3008 ,
1808 2964 1861 3019 qui
1873 2964 1919 3002 Te

1130 3021 1351 3077 accufhbant?
1380 3037 1468 3060 nemo
1490 3019 1807 3060 Deondemnavit?
1837 3035 1916 3060 ma-

1129 3080 1223 3120 culae
1242 3081 1426 3120 nimirum
1447 3077 1662 3135 originalis,
1692 3093 1773 3118 non
1793 3082 1918 3117 mincis

1131 3138 1250 3193 quam
1293 3137 1521 3179 adulterium
1565 3135 1764 3191 quodlibet
1783 3162 1794 3179 ‚
1836 3139 1917 3175 ani-

1797 3208 1903 3234 mam
