2159 3508
71 523 158 550 Sei-m.
169 520 198 548 in

71 561 206 601 Affumpt.

63 944 130 974 Psal.
145 951 188 976 13.

69 996 127 1016 v.7.

65 1257 214 1299 Prolog.de

66 1304 98 1330 V.
111 1303 153 1330 M.

63 1686 213 1722 10.8.v.12.

63 2093 185 2131 Part.i4.

60 2143 172 2161 ΕΟΠΙΕΙῚἹ
179 2144 202 2171 p·

63 2184 91 2210 13
100 2174 208 2204 ,ἀτᾶν-

814 86 1133 166 Conceptus
1213 83 1338 146 LV.

234 177 405 224 excedit,
446 192 487 220 ut
508 179 597 225 fint,
630 178 735 234 quasi
766 194 848 220 non
863 180 952 226 sint,
981 184 1022 220 86

236 237 355 277 videri
367 252 446 278 non
460 238 618 293 poffint:
657 242 710 278 ita
726 238 847 294 Virgo
863 237 1022 283 Beatiffi-

236 309 302 334 ma
313 297 516 336 Beatorum
527 299 705 338 omnium
719 324 730 341 ‚
761 295 952 336 stellarum
964 300 1024 334 in-

238 352 331 398 star,
363 357 403 394 in
415 353 535 395 Coelis
557 354 789 395 radiantium
810 353 1023 394 claritatem

237 414 455 452 eminenter
481 412 632 452 excedit
649 441 660 458 ‚
692 411 852 452 testante
876 412 952 451 hoc
967 414 1023 466 ip-

239 468 320 509 sum
343 472 520 511 D.Petro
538 472 736 511 Damiano
755 497 766 515 ,
796 469 854 509 his
878 468 1022 511 verbis:

239 529 344 566 MA
352 531 425 583 RI
427 531 468 567 A
486 529 558 568 'veri
575 528 703 584 prae‘via
733 527 881 572 luminis,
913 528 947 566 in
970 525 1026 564 illd*

238 585 434 642 inacceffibili*
444 586 510 625 luce
513 584 729 641 perlucensfic
742 585 941 639 utrorumq‘ue
951 584 1022 640 Spi-

239 644 357 682 rituum
376 643 498 683 hebetat
510 641 694 698 dignitatem
709 670 720 688 ,
750 657 786 681 uc
806 643 838 681 in
860 653 1023 698 compara-

239 701 323 740 tione
331 703 369 741 V
369 702 478 757 irgim's
489 717 542 741 nec
550 702 662 756 poffint
673 729 683 745 ,
717 716 771 739 nec
782 699 914 739 debeant
924 712 1023 757 appa*

240 774 320 799 rere.
379 762 482 800 Sicut
502 758 567 799 Sol
597 758 776 798 omnibus
798 756 900 799 lucet
921 786 931 804 ,
964 762 1022 798 in-

241 815 344 856 fluxu
361 815 421 857 {uo
449 820 581 856 omnia
609 817 806 857 conservat
824 844 835 862 ‚
864 815 1023 857 illustrat

240 874 370 927 radijS,
400 873 574 914 calefacit
599 875 754 920 ardore,
785 878 1022 916 nemoinve-

239 935 361 977 nitur,
393 933 447 988 qui
459 932 490 985 β
508 932 676 987 abscondat
693 933 714 971 ιὶ
733 933 834 972 calore
851 935 938 988 eij,
971 937 1021 974 ita

236 991 383 1030 Minui
398 994 439 1029 in
455 1005 590 1031 omnes
604 1004 784 1031 maternae
796 990 865 1032 suae
881 991 1021 1032 miseri-

235 1047 376 1088 cordiae
394 1049 518 1089 radios
537 1048 737 1095 diffundit,
770 1049 928 1090 clientes
939 1049 1020 1090 suos

234 1108 275 1145 in
291 1105 398 1147 bono
420 1106 633 1151 conservat,
665 1107 903 1158 intellectum
933 1107 1020 1149 illo-

233 1178 319 1204 rum
346 1164 569 1206 illustrando
593 1194 603 1211 ,
634 1165 860 1222 Diviiioque
884 1181 1015 1207 amore

234 1222 609 1264 corinflammando:
640 1238 680 1264 ut
699 1223 798 1265 bene
813 1225 861 1265 de
872 1224 916 1265 ea
929 1227 1015 1266 Do-

233 1280 406 1321 &iffimus
429 1283 554 1323 ldiota
574 1282 710 1323 dixerit
734 1300 741 1323 z
772 1283 882 1340 Longi}
902 1283 1015 1340 positos

233 1337 390 1378 illuminat
415 1338 515 1394 radijs
532 1339 743 1393 misericordias
754 1342 841 1396 ficae:
860 1340 924 1396 fibi
937 1353 1014 1397 pro-

228 1397 366 1452 pinquos
405 1409 461 1453 per
474 1397 642 1453 specialem
661 1397 879 1444 devotionem,
911 1399 1014 1453 confi)-

233 1454 362 1493 lationis
372 1455 538 1509 fica‘m‘tate
555 1484 566 1501 ‚
589 1456 753 1512 praeftntes
771 1455 832 1510 fibi
859 1457 892 1496 in
908 1456 1021 1513 patrici

234 1512 416 1551 excellencid
436 1513 543 1568 gloriae
563 1531 573 1552 .·
613 1522 650 1555 &¹
662 1513 708 1569 fic
729 1530 789 1554 non
805 1514 845 1568 est
864 1540 874 1557 ‚
912 1516 966 1571 qui
982 1513 1018 1569 J}

236 1569 404 1624 abscondat
414 1571 434 1608 ὰ
444 1571 545 1610 calore
554 1574 633 1626 ejus.
693 1575 796 1614 Sicut
818 1572 882 1614 Sol
895 1572 948 1613 est
957 1587 1022 1629 pa-

236 1641 321 1667 rens
349 1627 441 1668 lucis
458 1658 468 1674 ,
500 1629 547 1669 fic
573 1632 718 1670 MAmA
735 1645 868 1686 parens
890 1630 989 1671 illius
1008 1660 1019 1676 ,

235 1690 300 1739 qui
311 1685 359 1726 de
371 1685 485 1743 scipio
505 1687 640 1728 fatetur
656 1705 662 1727 :
696 1688 846 1744 Egofhm
859 1691 919 1728 lux
930 1706 1021 1728 mun-

235 1744 276 1782 di.
309 1747 349 1783 in
381 1759 459 1799 quo
482 1745 588 1792 Sole,
614 1760 798 1801 tanquam
819 1751 859 1787 in
879 1748 1019 1803 pur-issi-

234 1816 303 1842 mo
327 1802 596 1844 Tabernaculo
619 1833 628 1850 ,
659 1805 819 1845 recondi
848 1806 1019 1847 Christus

234 1859 308 1914 ipic
333 1860 454 1901 voluit
467 1890 476 1907 ,
504 1860 679 1918 splendor
695 1865 834 1910 Patris,
866 1863 1018 1904 Psalmi-

233 1917 286 1958 sta
307 1918 347 1958 id
371 1918 603 1967 affirmante,
632 1920 689 1961 his
711 1921 832 1962 verbis
858 1939 864 1960 :
897 1923 938 1961 In
950 1923 1018 1962 Sole

225 1976 328 2031 poficit
339 1977 694 2034 Tabernaculumficum.
715 1980 832 2020 verbo
846 1997 853 2020 2
871 1982 1017 2022 MAR1A

232 2035 286 2073 Sol
316 2036 355 2088 est
393 2040 403 2085 (
427 2050 467 2075 ut
492 2035 597 2093 supra
636 2041 856 2079 nominatus
893 2040 1018 2081 Idiota

232 2106 319 2132 eam
342 2092 519 2135 describit
540 2101 551 2143 )
585 2096 689 2135 clamos
705 2108 766 2152 per
790 2096 980 2153 fizpientiam
1009 2127 1019 2143 ‚

225 2161 329 2206 purm
332 2163 392 2207 per
413 2154 633 2193 continentiam
644 2183 652 2199 ‚
667 2153 815 2210 fulgidius
818 2167 878 2210 per
879 2155 1018 2210 samam,

231 2208 354 2247 calidm
369 2222 428 2266 per
454 2211 654 2256 charitatem,
686 2221 725 2254 (9‘
763 2213 925 2252 exaltatus
957 2226 1017 2271 per

231 2269 258 2306 C
267 2268 314 2305 H
322 2269 392 2321 RI
400 2272 424 2306 S
435 2269 502 2307 TI
534 2271 772 2326 Conceptionem.
840 2273 897 2311 En
919 2288 1016 2327 quo-

230 2324 353 2365 modo
374 2324 594 2368 lucidiffima
612 2332 727 2368 etiam
740 2328 911 2370 Ecclefiae
925 2331 1015 2372 side-

231 2384 338 2422 131111
353 2384 430 2424 1106
443 2383 529 2426 Sole
539 2388 716 2426 Mariano
741 2387 911 2442 unquam
922 2388 1015 2430 luci-

231 2440 313 2481 dius
325 2442 512 2483 viderint!
544 2444 616 2484 Sed
639 2444 772 2485 nonne
792 2445 855 2486 Sol
877 2446 1013 2489 huma-

230 2501 288 2539 nis
300 2501 532 2556 quandolque
543 2502 662 2542 oculis
674 2503 790 2558 pallus
802 2505 1011 2562 Ecclypfin,

229 2557 302 2599 five
314 2559 471 2599 maculis
482 2560 709 2614 quibusdam
720 2561 930 2618 caliginosis
941 2565 1012 2606 ob-

229 2614 387 2657 fuscatus
400 2618 550 2658 videtur
565 2630 575 2659 2
606 2619 658 2659 ast
677 2619 843 2661 fallimur
853 2636 988 2664 omnes
1002 2653 1011 2669 ,

229 2673 524 2729 splendidiffimo
543 2677 620 2717 hoc
636 2677 738 2718 Coeli
751 2679 867 2720 oculo
881 2708 892 2726 ‚
923 2680 1014 2723 licet

230 2746 297 2787 per
313 2734 448 2785 Lunae,
475 2749 539 2775 aut
556 2735 670 2775 molis
694 2750 801 2778 terrae
816 2741 1013 2795 interposi-

231 2792 405 2836 tionem,
450 2793 562 2834 nobis
586 2795 818 2850 quandoque
854 2796 1013 2840 abscon-

230 2847 335 2893 dito,
366 2848 479 2904 plena
494 2854 646 2892 interim
663 2852 817 2894 luminis
840 2854 1011 2898 claritate

229 2905 484 2948 indesinenter
517 2910 716 2965 gaudente.
777 2916 837 2953 Sic
871 2912 1011 2956 fallitur

228 2968 345 3005 etiam
357 2963 420 3005 ille
436 2994 446 3011 ,
476 2970 597 3020 quiin
619 2971 765 3009 MARIA
780 2999 790 3015 ,
824 2971 912 3012 Sole
937 2987 1009 3014 no⁴

226 3022 303 3063 stro
313 3023 502 3079 puriffimo
514 3053 525 3070 ,
553 3023 614 3066 vel
624 3029 829 3068 minimam
840 3029 1009 3084 aliquan-

228 3081 282 3121 do
293 3080 485 3122 maculam
498 3086 676 3138 reperire,
690 3098 754 3125 aut
765 3088 803 3124 in
817 3087 892 3140 ejus
900 3090 1008 3130 Con-

229 3142 410 3197 ceptione
432 3140 493 3182 vel
526 3156 842 3185 momentaneam
872 3145 1006 3203 depre-

1749 91 1837 160 185

1070 169 1242 216 hendere
1267 174 1463 232 Ecclypfin
1492 189 1652 220 conatur
1681 191 1691 225 3
1720 177 1864 223 Manfit

1070 233 1269 274 enimvero
1284 233 1349 275 Sol
1369 234 1435 275 iste
1466 234 1562 276 solus
1585 241 1791 293 gratiarum
1805 239 1862 280 lu-

1070 293 1176 330 mine
1202 290 1452 347 pleniffimus,
1491 295 1627 349 medijs
1646 299 1762 337 etiam
1785 296 1861 338 for-

1071 346 1194 389 mostis
1205 353 1243 389 in
1256 350 1367 390 undis
1380 380 1391 396 ,
1413 349 1478 391 sub
1489 351 1568 407 ipso
1584 357 1858 396 nimirumuni-

1071 405 1200 447 veriali
1221 412 1367 463 peccati
1379 409 1576 466 originalis
1590 411 1756 459 diluvio,
1776 413 1858 469 pulae

1072 463 1332 508 chritudinem
1363 465 1466 507 suam
1505 468 1575 508 rite
1620 471 1855 513 conservans.

1072 521 1159 562 Nec
1196 521 1347 564 silentio
1395 523 1460 565 hic
1511 529 1814 582 praetereundum
1842 557 1856 574 ,

1072 579 1172 618 Solem
1194 582 1427 637 quandoque
1455 586 1573 625 etiam
1595 586 1742 627 Phaebum
1762 617 1773 633 ,
1809 604 1854 629 ac

1071 637 1248 693 Apollinem
1266 645 1476 697 nuncupari
1500 656 1507 678 :
1534 657 1605 683 nec
1625 643 1702 685 fine
1716 646 1855 702 myste-

1071 699 1129 735 rio
1154 714 1163 742 5
1189 699 1278 737 cnm
1305 702 1411 740 enirn
1431 699 1568 756 Apol10‚
1598 702 1691 747 teste
1710 703 1855 745 Plutar-

1070 752 1169 799 cho,
1197 753 1317 796 latine
1341 757 1446 797 idem
1470 758 1675 814 fignificet,
1710 776 1753 802 ac
1765 763 1856 802 Solus

1061 811 1130 865 fine
1139 813 1248 853 multis
1258 840 1268 856 2
1303 814 1440 855 Phaebws
1452 830 1582 858 autem
1595 818 1699 859 idem
1711 820 1855 876 prorsus

1070 869 1134 916 fit,
1171 885 1215 911 ac
1246 875 1374 913 Purus:
1413 873 1595 929 stqustur,
1633 892 1700 933 per
1729 879 1856 934 prola-

1070 931 1220 970 tionem
1254 934 1356 971 unici
1377 929 1475 972 illius
1504 934 1607 974 verbi
1630 936 1682 975 sol
1703 964 1713 981 ,
1752 937 1858 978 idem

1068 986 1287 1042 significari,
1318 1004 1361 1030 ac
1384 991 1455 1037 Sol,
1478 990 1565 1046 [131111
1575 992 1644 1047 fine
1655 990 1774 1038 mulmis,
1793 1007 1857 1052 pu-

1068 1060 1123 1084 νινε
1135 1046 1182 1100 est.
1244 1049 1341 1103 Qs
1362 1061 1490 1089 autem
1517 1049 1580 1090 hic
1600 1066 1682 1092 non
1703 1051 1808 1093 videt
1844 1084 1856 1100 ‚

1071 1103 1148 1143 hoc
1163 1103 1268 1144 idem
1281 1106 1528 1161 praedicatum
1539 1138 1549 1154 ,
1581 1109 1682 1150 113116
1691 1112 1856 1153 6311616111

1070 1167 1359 1218 praerogativam
1385 1194 1395 1209 ‚
1425 1168 1606 1207 Mariano
1624 1168 1755 1209 nostro
1777 1170 1856 1211 Soli

1064 1234 1297 1276 congruere?
1329 1223 1382 1262 Sol
1393 1238 1484 1279 ergo
1499 1239 1578 1266 erat
1600 1255 1610 1271 ,
1625 1240 1666 1266 ut
1679 1227 1854 1275 vidimus,

1063 1280 1209 1318 MAMA
1225 1306 1236 1322 ,
1262 1283 1393 1321 verum
1412 1285 1528 1322 etiam
1546 1299 1682 1325 omnes
1716 1289 1856 1327 animae

1061 1335 1245 1389 justorum
1259 1366 1268 1383 ‚
1300 1342 1340 1378 in
1361 1339 1481 1395 gratia
1502 1342 1648 1383 Divina
1668 1344 1854 1386 constitu-

1068 1407 1115 1433 tae
1132 1396 1217 1434 Soles
1246 1395 1433 1437 dicuntur.
1464 1398 1528 1438 ubi
1565 1412 1695 1441 tamen
1726 1402 1853 1444 discri-

1067 1465 1159 1491 men
1197 1451 1290 1493 illud
1335 1456 1636 1503 attendendum,
1670 1460 1776 1513 quod
1812 1462 1852 1502 hi

1067 1523 1204 1550 omnes
1234 1513 1273 1551 in
1313 1518 1572 1570 conceptione
1616 1515 1676 1557 sua
1714 1518 1855 1561 fuerint

1073 1566 1137 1608 sub
1177 1568 1352 1625 Ecclypsi
1383 1576 1530 1626 peccati
1568 1575 1782 1631 originalis,
1816 1593 1856 1618 e-

1071 1625 1206 1667 contra
1238 1631 1358 1684 Virgo
1387 1631 1621 1678 Beatiffima,
1653 1647 1788 1690 utpote
1809 1652 1856 1677 ex

1070 1684 1237 1725 millibus
1270 1686 1410 1733 electa,
1441 1702 1486 1729 ac
1504 1691 1716 1747 digniffima
1728 1694 1856 1735 Mater

1070 1742 1252 1783 Numinis
1264 1743 1386 1786 futura
1397 1775 1407 1791 ‚
1437 1746 1561 1803 ficdue
1569 1749 1632 1804 sbli
1642 1751 1768 1791 Divino
1783 1768 1855 1793 con-

1069 1800 1137 1840 dita
1148 1803 1229 1848 Soli,
1258 1801 1335 1843 sola
1349 1803 1412 1844 illa
1428 1805 1530 1846 hanc
1539 1821 1699 1864 gratiam
1716 1822 1796 1850 tam
1811 1810 1855 1851 il-

1067 1858 1242 1906 lustrem,
1281 1875 1359 1902 13111
1393 1867 1574 1907 eximiam
1597 1896 1607 1912 ,
1635 1878 1714 1907 tam
1732 1880 1855 1910 extra-

1067 1917 1302 1959 ordinariam
1332 1920 1542 1964 obtinuerit
1581 1950 1591 1969 ,
1632 1938 1674 1966 ut
1699 1926 1771 1981 fila
1785 1927 1856 1982 fine

1066 1977 1196 2022 malm,
1227 1975 1309 2018 imo
1330 1979 1407 2019 fine
1443 1980 1522 2021 ullo
1561 1982 1681 2023 altero
1717 1995 1803 2040 pura
1826 2016 1855 2036 ¹,

1071 2034 1211 2089 absque
1241 2050 1400 2091 peccato
1424 2039 1601 2096 originali
1632 2038 1743 2082 fuerit
1761 2057 1856 2084 6011-

1070 2107 1188 2148 cepta.
1257 2094 1438 2150 Qisquis
1474 2096 1567 2154 ergo
1589 2098 1855 2155 spurcissimam

1068 2150 1170 2191 hanc
1228 2156 1384 2208 originis
1432 2157 1624 2197 maculam
1676 2158 1855 2216 affingere

1068 2211 1222 2250 Mimas
1235 2210 1349 2252 vellet
1363 2240 1373 2258 ,
1404 2213 1506 2255 aliud
1516 2215 1617 2256 certe
1633 2229 1713 2257 non
1730 2218 1855 2259 effice-

1067 2282 1141 2314 ret,
1172 2267 1309 2322 quam,
1341 2270 1446 2325 quod
1469 2273 1701 2329 sagittassuas
1717 2291 1854 2318 contra

1065 2324 1332 2368 serenissimum
1363 2329 1457 2370 Solis
1497 2331 1743 2389 conspectum
1773 2340 1850 2377 evi-

1065 2381 1210 2431 bratet5
1243 2387 1332 2426 cum
1354 2402 1500 2429 certum
1521 2393 1675 2432 interim
1698 2406 1854 2434 maneat

1066 2441 1160 2483 illud
1178 2445 1306 2483 1³0&ae
1324 2462 1330 2484 :

1175 2502 1275 2540 Solem
1291 2501 1375 2542 mdia
1395 2499 1518 2559 sagitta
1531 2506 1623 2560 ferit.

1065 2556 1126 2598 vel
1150 2558 1244 2600 illud
1270 2564 1423 2601 Senecae
1446 2581 1453 2601 ι

1176 2622 1254 2676 Qae
1264 2619 1350 2673 infra
1360 2618 1472 2664 Solem,
1498 2632 1559 2670 non
1569 2619 1702 2660 turbant
1716 2622 1826 2662 Solemt
1865 2630 1945 2673 Epist.
1949 2644 1966 2669 9
1972 2641 1998 2665 ι.

1063 2685 1170 2726 Hinc
1184 2685 1274 2729 licet
1286 2688 1478 2746 Astrologi
1489 2691 1646 2745 quidam
1659 2722 1669 2738 ‚
1702 2707 1850 2749 reperto

1062 2743 1275 2802 Telelcopij
1306 2747 1368 2788 usu
1390 2776 1400 2793 ,
1431 2749 1589 2805 credant
1619 2751 1851 2807 quandoque

1060 2799 1095 2841 se
1113 2804 1240 2844 videre
1267 2811 1307 2846 in
1332 2805 1410 2846 hoc
1433 2805 1655 2847 lucidissimo
1678 2807 1851 2851 Planeta-

1062 2873 1146 2900 rum
1166 2864 1340 2919 Principe
1354 2863 1559 2904 nubeculas
1572 2866 1766 2918 quasdam,
1784 2881 1850 2910 aut·

1059 2919 1249 2967 maculas,
1279 2921 1531 2962 nihilominus
1558 2923 1662 2977 quod
1689 2925 1746 2966 isti
1765 2940 1847 2968 ma-

1059 2976 1161 3018 culas
1175 2978 1350 3023 censent,
1373 2978 1427 3018 nil
1444 2979 1543 3019 aliud
1559 2980 1632 3028 est,
1653 2984 1848 3037 (1111111160.-

1058 3037 1121 3089 pia
1142 3036 1354 3081 radiorum,
1383 3035 1453 3076 sese
1472 3041 1512 3077 in
1528 3041 1630 3080 arcto
1654 3041 1843 3084 colliden-

1057 3095 1176 3138 tium,
1204 3097 1307 3135 itaut
1324 3109 1404 3134 non
1421 3097 1461 3135 in
1477 3095 1750 3147 Solemaculae,
1781 3098 1843 3143 sed

1054 3164 1158 3189 error
1173 3154 1212 3191 in
1230 3151 1478 3209 spectantibus
1502 3155 1544 3196 fit
1564 3158 1845 3213 reprehendens

1110 3209 1142 3247 A
1158 3223 1179 3249 a
1734 3218 1812 3257 dusf
