2159 3508
108 2341 236 2399 540·

307 80 413 138 266

702 69 797 130 De
817 63 1110 143 Concepta
1128 62 1284 122 Sacra
1302 59 1556 138 Deiparfi.

264 188 344 228 quo
371 171 498 215 canis,
535 166 623 222 'Izste
642 164 816 206 Plutarcho
836 189 848 207 ,
876 160 931 202 ob
956 163 1053 216 vigi.
1101 158 1230 200 solitus
1243 157 1465 199 {Romanis
1489 156 1579 197 fuit:
1609 154 1661 197 ob
1682 156 1899 213 neglectam

263 231 359 272 liam
377 227 591 284 neglectam
604 255 615 272 ,
647 227 689 265 in
698 237 857 281 poenam
870 249 881 266 ‚
912 218 933 259 ὲ
945 219 1054 260 trabe

265 286 557 345 suspendebatur
582 301 591 324 z
623 280 783 324 econtra
815 276 933 320 Anser
956 303 967 321 ,
996 290 1056 317 ut-

266 345 359 403 pote
376 343 536 400 vigilans
554 341 679 383 custos
690 369 701 388 ‚
732 355 778 380 ac
790 336 912 378 fidelis
924 334 1058 376 defen-

267 405 344 451 ior,
380 400 594 443 holoserico
630 399 819 456 pulvinari
839 424 851 441 ,
902 392 1058 434 floribus

269 462 440 515 undique
455 457 616 516 resperso
631 456 795 498 insidens
808 483 820 501 ,
852 451 999 510 populo
1012 466 1059 492 ex

269 519 494 578 ponebatur.

382 575 585 618 Solennius
614 575 746 626 utique
778 567 931 610 Festum
961 567 1059 620 jure-

269 634 410 676 merito
432 632 601 674 celebrat
624 628 843 672 Christiana
866 625 1027 666 devotio
1047 649 1060 666 >

268 709 336 751 per
363 691 528 749 singulos
557 704 703 734 annos,
735 687 784 726 de
808 681 1061 725 Immaculata

270 754 347 806 ejus
372 753 540 808 Virginis
561 748 837 803 Conceptione
859 772 869 789 ‚
897 756 982 796 quae
999 755 1061 780 ca-

268 809 381 851 nibus
398 805 701 851 dormientibus,
733 803 774 843 id
798 801 878 844 est,
908 799 1062 840 Adamo

268 875 309 912 ὃ(
320 867 398 909 Eva
409 894 421 912 2
446 869 511 922 qui
522 863 766 922 vigilantium
779 860 894 901 instar
906 871 1061 902 canum,

267 931 409 968 Arcem
426 929 559 982 primae
584 922 842 965 innocentiae,
874 916 896 958 ὲ
919 914 1062 956 furibus

268 992 310 1028 &
337 982 579 1041 praedonibus
600 977 871 1022 infernalibus,
899 972 1063 1014 fideliter

268 1043 459 1085 custodire
491 1039 688 1082 debebant
710 1067 721 1084 ,
751 1035 871 1077 talem
896 1030 1064 1072 custodi-

268 1117 334 1143 am
349 1104 506 1157 turpiter
527 1093 832 1154 negligentibus,
858 1086 1066 1148 portaSQue

266 1160 482 1204 oculorum,
505 1155 702 1214 prohibito
713 1152 868 1196 frudtui,
901 1149 1065 1193 aurium,

265 1218 375 1259 sibilo
400 1216 580 1272 serpentis
619 1212 696 1253 late
725 1208 841 1251 nimis
861 1208 1067 1264 aperienti-

266 1277 336 1318 bus
359 1305 370 1322 ,
411 1274 489 1315 sola
521 1269 732 1314 centoculo
760 1271 867 1324 Argo
903 1263 1067 1321 vigilan·

267 1338 365 1380 tior,
397 1332 498 1374 hosti
526 1328 638 1372 omni
672 1339 881 1369 momento
911 1324 1062 1365 aditum

265 1397 308 1434 in
327 1394 499 1433 animam
511 1387 728 1446 prohibuit,
758 1399 876 1440 quam
895 1380 1060 1438 proinde

265 1452 344 1493 sine
358 1447 470 1491 omni
485 1447 571 1488 labe
599 1443 783 1487 facillime
804 1441 1058 1483 conservavit.

267 1508 391 1566 Qod
411 1507 438 1547 fi
458 1509 565 1547 canis
589 1504 641 1544 ob
679 1501 862 1560 neglestae
882 1497 982 1538 illius
1001 1499 1059 1538 vi-

267 1568 368 1624 giliae
405 1568 639 1607 memoriam
663 1591 675 1609 ‚
705 1560 729 1603 ὲ
758 1557 864 1602 trabe
885 1555 1059 1612 suspendi

506 1898 657 1981 De>
686 1855 1064 2000 Concepta

1105 221 1247 274 pariter
1294 215 1316 256 ὲ
1339 214 1673 271 protoparentibus
1702 215 1896 271 vigiliam,

1106 277 1322 316 etiamnum
1353 272 1375 314 ὲ
1397 273 1504 329 ligno
1524 272 1688 313 scientiae
1712 272 1827 319 boni,
1858 280 1899 315 ὃς,

1106 333 1199 374 mali
1234 331 1400 388 iuspensa
1427 334 1548 387 gemit
1566 335 1749 386 concepti
1778 333 1897 386 cujus-

1107 390 1259 446 cunt'lue
1272 391 1444 430 hominis
1462 392 1686 429 innocentia
1696 418 1707 435 ,
1740 404 1820 429 non
1830 389 1896 429 ali-

1108 464 1166 491 ter
1176 448 1406 490 restituenda
1423 477 1433 493 ,
1464 447 1532 487 nisi
1558 462 1623 503 per
1643 451 1898 502 Unigenitum

1108 510 1201 549 DEI
1218 507 1377 552 Filium,
1412 508 1452 545 in
1464 520 1596 546 amaro
1621 507 1756 546 Crucis
1792 505 1899 560 ligno

1108 565 1344 622 suspensum:
1377 567 1524 604 MAmA
1546 566 1726 609 interim,
1756 565 1902 603 Roma-

1109 639 1251 665 norum
1271 622 1385 663 instar
1405 621 1589 662 Anserum
1605 651 1614 667 ‚
1655 624 1695 660 in
1716 620 1905 677 pulvinari

1110 682 1268 723 floribus
1297 680 1534 722 ornatiffimo
1556 709 1568 726 ‚
1612 679 1775 720 dulciter
1814 694 1905 720 cum

1110 740 1209 781 Filio
1225 740 1289 781 suo
1308 738 1565 793 requiescente
1582 767 1592 782 ,
1627 751 1668 777 ut
1683 738 1840 793 ipsamet
1851 737 1905 778 fa·

1110 812 1230 845 tetur,
1250 800 1292 853 ijs
1306 797 1449 840 verbis:
1481 795 1636 835 Leelulm
1646 797 1743 851 ncster
1752 794 1901 849 floridus.

1110 859 1310 898 Cant.c.1.
1332 872 1364 897 v.
1381 861 1430 896 16.
1452 869 1536 908 quae
1552 868 1751 908 nunquam
1770 869 1837 909 per
1847 870 1904 895 re-

1110 915 1382 970 demptionem
1397 912 1555 953 restituti
1580 911 1735 958 debuit,
1766 913 1904 969 utpote

1109 972 1371 1030 specialiffimo
1415 970 1671 1012 Sacratiffimae
1730 972 1904 1026 paffionis

1110 1036 1250 1074 merito
1267 1028 1526 1087 praeservative
1551 1029 1762 1085 redempta.

1245 1153 1287 1205 §0
1305 1159 1357 1213 7.
1387 1145 1746 1216 Anagramma.

1111 1242 1187 1286 TV
1216 1241 1392 1300 prIMa,
1429 1239 1496 1284 aC
1524 1232 1636 1281 soLa
1654 1268 1669 1291 ,
1719 1232 1776 1281 ab
1792 1239 1904 1283 ADae

1276 1305 1396 1355 Labe
1431 1309 1611 1368 Integra
1633 1309 1741 1352 EVa·

1107 1391 1224 1433 Prima
1235 1421 1247 1438 ,
1265 1408 1303 1434 ac
1318 1391 1434 1431 ultima
1450 1389 1570 1430 munda
1577 1405 1621 1436 es,
1635 1394 1663 1429 Ο
1673 1390 1796 1447 integra
1807 1391 1907 1433 Eva!

1923 1279 2037 1340 539·

1335 1468 1469 1513 Verfio
1487 1466 1668 1511 litteralis,

1105 1550 1186 1591 Ave
1197 1547 1333 1591 Maria,
1340 1544 1453 1603 gratie?
1453 1545 1565 1602 plena,
1576 1545 1737 1586 Dominus
1749 1559 1861 1588 tecum.

1179 1682 1918 1803 &ffiffiffiffi

1113 1882 1326 1966 Sacra
1377 1880 1709 1988 Deipara.

566 2047 1163 2127 CONCEPTUS
1241 2041 1640 2113 LXXVIII.

479 2228 519 2282 ς.
536 2236 573 2273 1.
607 2221 863 2291 Scrtptum.

365 2319 459 2364 ΝΠ.
482 2310 628 2364 VLtra
647 2312 976 2360 faCIenDVM.

278 2403 378 2446 Isaiae
393 2416 424 2456 c.
443 2413 470 2452 5.
484 2414 520 2439 v.
537 2410 574 2448 4.
607 2393 767 2454 Qidest,
797 2390 882 2450 quod
903 2390 995 2431 debui
1014 2389 1066 2431 ul-

362 2459 415 2500 ινὸ
423 2458 535 2513 facere
558 2458 599 2496 V
596 2455 669 2494 ineae
683 2468 775 2498 meae,
802 2459 840 2494 (9·
851 2465 913 2490 non
914 2449 981 2504 ftci
991 2451 1019 2490 ei
1040 2449 1066 2488 ,Ρ

413 2535 542 2576 Emini
576 2534 755 2588 ignotum
785 2527 948 2570 arbitror
967 2556 978 2574 ‚
1009 2529 1067 2582 ju-

278 2545 408 2673 Ν
441 2592 637 2633 stiffimum
672 2587 933 2629 Patriarcham
954 2587 1066 2627 Noe·-

445 2664 555 2691 mum
569 2678 579 2695 ,
610 2644 817 2703 expurgata
832 2646 910 2698 jam
926 2659 993 2699 per
1008 2645 1065 2685 di-

276 2713 422 2755 luvium
430 2707 530 2750 terra
549 2736 560 2753 ‚
589 2717 724 2762 utpote
738 2704 945 2744 hominum
959 2716 1066 2744 ante-

277 2770 349 2811 hac
377 2766 573 2810 sceleribus
587 2766 746 2820 turpiter
770 2760 1034 2801 contaminata
1052 2787 1065 2806 ‚

277 2829 506 2884 auspicatum
517 2823 677 2865 tandem
701 2820 749 2861 de
760 2834 866 2860 novo
882 2832 988 2859 terrae
999 2834 1066 2859 ex-

278 2887 450 2927 colendae
465 2880 589 2924 feciffe
606 2882 784 2920 initium:
814 2876 878 2917 ubi
895 2875 1064 2932 speciali-

278 2957 335 2983 ter
376 2947 485 2984 Sacra
531 2944 721 2995 Scriptura
758 2947 1061 2982 commemorat,

280 3001 490 3056 plantatam
521 2997 669 3053 insuper
689 2994 738 3035 ab
760 3009 808 3035 eo
826 2996 981 3035 vineam
1005 2993 1062 3034 fu-

106 3084 250 3115 emm.
279 3057 339 3099 issTe
352 3087 362 3103 ‚
393 3058 486 3096 dum
497 3059 550 3096 ait
571 3073 579 3095 ε
607 3057 686 3094 No'e·
698 3054 753 3094 ‘vir
762 3051 900 3108 agricola
918 3066 1061 3094 exercere

110 3133 134 3152 V.
147 3132 190 3152 20·

272 3117 359 3174 caepit
373 3129 490 3156 terram
500 3140 511 3158 2
541 3122 579 3155 (3·
593 3113 764 3169 plantavit
777 3111 919 3154 vineam.

1199 2173 1378 2216 Eundem
1389 2170 1504 2228 porro
1517 2168 1755 2227 agriculturae
1765 2167 1909 2219 labore,

1115 2245 1234 2288 quem
1249 2232 1362 2286 justus
1374 2232 1466 2271 No‘e
1484 2259 1494 2276 ‚
1522 2229 1543 2269 ὲ
1555 2228 1701 2270 diluvio
1713 2228 1913 2284 superfice,

1115 2291 1199 2332 inse
1223 2290 1400 2346 suscepit,
1422 2289 1791 2344 justusrDoMJchs,
1822 2289 1912 2328 No-

1115 2353 1193 2390 emi
1217 2363 1367 2391 creator
1385 2376 1395 2393 ,
1423 2346 1613 2403 supremus
1630 2343 1755 2390 Coeli,
1783 2359 1911 2386 terrae·

1115 2406 1190 2463 que
1202 2406 1422 2449 Monarcha
1433 2434 1443 2451 ‚
1477 2408 1517 2444 in
1532 2403 1565 2444 se
1581 2418 1735 2458 quoque
1748 2402 1905 2460 suscipe·

1115 2482 1154 2506 re
1170 2481 1252 2506 non
1275 2465 1329 2506 est
1359 2464 1586 2520 dedignatus
1610 2491 1620 2508 ‚
1646 2465 1907 2503 convincente

1114 2525 1154 2565 id
1174 2527 1331 2581 proprio
1341 2520 1539 2564 Diviniiiii
1558 2520 1640 2574 Filij
1659 2519 1904 2566 testimonio,

1114 2583 1296 2623 dicentis:
1327 2584 1431 2621 Pater
1449 2594 1537 2619 mem
1555 2578 1693 2634 agricola
1716 2578 1765 2631 est.
1825 2581 1903 2620 Ve-
1919 2592 1996 2629 jae.
2009 2603 2056 2634 ¹5·

1115 2654 1319 2681 runtamen
1334 2654 1410 2696 prae
1440 2636 1619 2678 omnibus
1632 2635 1712 2689 alijs
1740 2634 1902 2690 plantis,
1922 2643 1981 2665 ’ὦ

1115 2699 1155 2739 id
1176 2699 1252 2745 est,
1284 2699 1482 2741 creaturis,
1510 2693 1571 2734 sua
1604 2692 1757 2749 potenti*
1785 2708 1907 2737 manu

1114 2757 1329 2813 productis,
1361 2754 1532 2810 plantare
1551 2751 1674 2794 voluit
1697 2750 1906 2806 specialiter

1113 2816 1244 2855 vineam
1272 2843 1283 2860 ,
1314 2811 1567 2853 Beatiffimam
1598 2808 1742 2849 scilicet
1777 2813 1905 2866 Virgi-

1112 2887 1205 2913 nem
1226 2874 1407 2913 MARrAM
1426 2899 1438 2916 ,
1461 2869 1704 2925 primogenitam
1732 2882 1806 2907 ante
1835 2884 1907 2908 om-

1110 2946 1181 2971 nem
1204 2944 1393 2970 creaturam.
1448 2929 1546 2968 Haec
1564 2955 1574 2972 ‚
1613 2926 1695 2966 haec
1734 2939 1814 2966 erat
1837 2925 1902 2969 illa

1109 2992 1222 3030 vinea
1232 2988 1376 3034 eleeta,
1406 2984 1524 3041 longe
1549 2983 1687 3038 majori
1717 2982 1900 3024 felicitate

1111 3046 1281 3090 &DEQ
1319 3044 1439 3101 quam
1460 3044 1524 3084 illa
1548 3041 1571 3083 a
1590 3044 1751 3083 Noemo
1772 3070 1783 3087 ‚
1813 3040 1900 3096 post

1107 3105 1299 3147 inundans
1319 3105 1467 3162 peccati
1489 3099 1685 3158 originalis
1709 3098 1896 3139 diluvium

1724 3155 1835 3213 plan.
