<?xml version="1.0" encoding="UTF-8"?>
<!DOCTYPE html PUBLIC "-//W3C//DTD XHTML 1.0 Transitional//EN"
    "http://www.w3.org/TR/xhtml1/DTD/xhtml1-transitional.dtd">
<html xmlns="http://www.w3.org/1999/xhtml" xml:lang="en" lang="en">
 <head>
  <title>
</title>
<meta http-equiv="Content-Type" content="text/html;charset=utf-8" />
  <meta name='ocr-system' content='tesseract 3.04.00' />
  <meta name='ocr-capabilities' content='ocr_page ocr_carea ocr_par ocr_line ocrx_word'/>
</head>
<body>
  <div class='ocr_page' id='page_1' title='image "./conceptvschronog00zolle_0129.png"; bbox 0 0 2159 3508; ppageno 0'>
   <div class='ocr_carea' id='block_1_1' title="bbox 671 130 1395 215">
    <p class='ocr_par' dir='ltr' id='par_1_1' title="bbox 671 130 1395 215">
     <span class='ocr_line' id='line_1_1' title="bbox 671 130 1395 215; baseline 0.004 -19"><span class='ocrx_word' id='word_1_1' title='bbox 671 130 678 134; x_wconf 60' lang='lat'><em>⁷</em></span> <span class='ocrx_word' id='word_1_2' title='bbox 720 133 1061 215; x_wconf 86' lang='lat' dir='ltr'><strong>Conceptus.</strong></span> <span class='ocrx_word' id='word_1_3' title='bbox 1144 135 1395 199; x_wconf 84' lang='lat' dir='ltr'>XXVill.</span> 
     </span>
    </p>
   </div>
   <div class='ocr_carea' id='block_1_2' title="bbox 225 227 1025 1920">
    <p class='ocr_par' dir='ltr' id='par_1_2' title="bbox 225 227 1025 1920">
     <span class='ocr_line' id='line_1_2' title="bbox 225 227 1017 285; baseline -0.003 -15"><span class='ocrx_word' id='word_1_4' title='bbox 225 228 269 270; x_wconf 80' lang='lat' dir='ltr'>lo</span> <span class='ocrx_word' id='word_1_5' title='bbox 295 227 562 285; x_wconf 71' lang='lat' dir='ltr'>persuaderent</span> <span class='ocrx_word' id='word_1_6' title='bbox 584 258 595 276; x_wconf 92' lang='lat'>,</span> <span class='ocrx_word' id='word_1_7' title='bbox 637 233 885 270; x_wconf 88' lang='lat' dir='ltr'>temerarium</span> <span class='ocrx_word' id='word_1_8' title='bbox 900 243 1017 269; x_wconf 82' lang='lat' dir='ltr'>exco-</span> 
     </span>
     <span class='ocr_line' id='line_1_3' title="bbox 228 285 1018 344; baseline -0.003 -16"><span class='ocrx_word' id='word_1_9' title='bbox 228 288 397 344; x_wconf 71' lang='lat' dir='ltr'>gitarunt</span> <span class='ocrx_word' id='word_1_10' title='bbox 416 287 561 328; x_wconf 87' lang='lat' dir='ltr'>facinus</span> <span class='ocrx_word' id='word_1_11' title='bbox 581 317 593 334; x_wconf 96' lang='lat'>,</span> <span class='ocrx_word' id='word_1_12' title='bbox 633 301 694 328; x_wconf 91' lang='lat' dir='ltr'>tot</span> <span class='ocrx_word' id='word_1_13' title='bbox 719 286 911 328; x_wconf 85' lang='lat' dir='ltr'>fraudibus</span> <span class='ocrx_word' id='word_1_14' title='bbox 937 285 1018 343; x_wconf 87' lang='lat' dir='ltr'>ple-</span> 
     </span>
     <span class='ocr_line' id='line_1_4' title="bbox 230 345 1019 400; baseline -0.001 -14"><span class='ocrx_word' id='word_1_15' title='bbox 230 360 327 386; x_wconf 90' lang='lat' dir='ltr'>num</span> <span class='ocrx_word' id='word_1_16' title='bbox 339 375 350 392; x_wconf 92' lang='lat'>,</span> <span class='ocrx_word' id='word_1_17' title='bbox 381 360 478 400; x_wconf 90' lang='lat' dir='ltr'>quot</span> <span class='ocrx_word' id='word_1_18' title='bbox 488 346 628 387; x_wconf 79' lang='lat' dir='ltr'>exinde</span> <span class='ocrx_word' id='word_1_19' title='bbox 638 345 818 386; x_wconf 90' lang='lat' dir='ltr'>homines</span> <span class='ocrx_word' id='word_1_20' title='bbox 839 345 1019 386; x_wconf 78' lang='lat' dir='ltr'>seducen-</span> 
     </span>
     <span class='ocr_line' id='line_1_5' title="bbox 231 402 1017 460; baseline -0.001 -16"><span class='ocrx_word' id='word_1_21' title='bbox 231 404 291 450; x_wconf 91' lang='lat' dir='ltr'>di,</span> <span class='ocrx_word' id='word_1_22' title='bbox 325 410 365 446; x_wconf 67' lang='grc' dir='ltr'>ὃς</span> <span class='ocrx_word' id='word_1_23' title='bbox 390 408 431 444; x_wconf 91' lang='lat' dir='ltr'>in</span> <span class='ocrx_word' id='word_1_24' title='bbox 450 419 619 445; x_wconf 89' lang='lat' dir='ltr'>errorem</span> <span class='ocrx_word' id='word_1_25' title='bbox 631 403 880 460; x_wconf 88' lang='lat' dir='ltr'>pertrahendi</span> <span class='ocrx_word' id='word_1_26' title='bbox 890 402 1017 443; x_wconf 84' lang='lat' dir='ltr'>effent.</span> 
     </span>
     <span class='ocr_line' id='line_1_6' title="bbox 230 461 1020 514; baseline -0.004 -10"><span class='ocrx_word' id='word_1_27' title='bbox 230 462 492 504; x_wconf 64' lang='lat' dir='ltr'>Obsecrarunt</span> <span class='ocrx_word' id='word_1_28' title='bbox 500 464 684 504; x_wconf 73' lang='lat' dir='ltr'>nimirum</span> <span class='ocrx_word' id='word_1_29' title='bbox 697 461 888 502; x_wconf 87' lang='lat' dir='ltr'>Nobilem</span> <span class='ocrx_word' id='word_1_30' title='bbox 897 476 1020 514; x_wconf 86' lang='lat' dir='ltr'>quen-</span> 
     </span>
     <span class='ocr_line' id='line_1_7' title="bbox 228 518 1021 576; baseline -0.004 -15"><span class='ocrx_word' id='word_1_31' title='bbox 228 520 322 561; x_wconf 89' lang='lat' dir='ltr'>dam</span> <span class='ocrx_word' id='word_1_32' title='bbox 330 525 476 567; x_wconf 92' lang='lat' dir='ltr'>virum,</span> <span class='ocrx_word' id='word_1_33' title='bbox 495 521 717 573; x_wconf 89' lang='lat' dir='ltr'>eorumjam</span> <span class='ocrx_word' id='word_1_34' title='bbox 731 518 896 560; x_wconf 70' lang='lat' dir='ltr'>antehac</span> <span class='ocrx_word' id='word_1_35' title='bbox 927 534 1021 576; x_wconf 83' lang='lat' dir='ltr'>ope.</span> 
     </span>
     <span class='ocr_line' id='line_1_8' title="bbox 229 579 1022 634; baseline -0.004 -15"><span class='ocrx_word' id='word_1_36' title='bbox 229 579 332 621; x_wconf 90' lang='lat' dir='ltr'>ribus</span> <span class='ocrx_word' id='word_1_37' title='bbox 355 582 714 620; x_wconf 85' lang='lat' dir='ltr'>communicantem</span> <span class='ocrx_word' id='word_1_38' title='bbox 732 607 742 624; x_wconf 92' lang='lat'>‚</span> <span class='ocrx_word' id='word_1_39' title='bbox 773 592 816 619; x_wconf 90' lang='lat' dir='ltr'>ut</span> <span class='ocrx_word' id='word_1_40' title='bbox 838 592 910 634; x_wconf 90' lang='lat' dir='ltr'>pro</span> <span class='ocrx_word' id='word_1_41' title='bbox 925 592 1022 617; x_wconf 95' lang='lat' dir='ltr'>con-</span> 
     </span>
     <span class='ocr_line' id='line_1_9' title="bbox 228 635 1022 693; baseline -0.004 -15"><span class='ocrx_word' id='word_1_42' title='bbox 228 637 418 678; x_wconf 64' lang='lat' dir='ltr'>firmanda</span> <span class='ocrx_word' id='word_1_43' title='bbox 461 635 628 693; x_wconf 89' lang='lat' dir='ltr'>ipsorum</span> <span class='ocrx_word' id='word_1_44' title='bbox 682 635 888 681; x_wconf 69' lang='lat' dir='ltr'>sententia,</span> <span class='ocrx_word' id='word_1_45' title='bbox 919 635 1022 691; x_wconf 93' lang='lat' dir='ltr'>post-</span> 
     </span>
     <span class='ocr_line' id='line_1_10' title="bbox 229 693 1022 751; baseline -0.004 -14"><span class='ocrx_word' id='word_1_46' title='bbox 229 695 348 751; x_wconf 70' lang='lat' dir='ltr'>quam</span> <span class='ocrx_word' id='word_1_47' title='bbox 381 694 511 750; x_wconf 88' lang='lat' dir='ltr'>aliquo</span> <span class='ocrx_word' id='word_1_48' title='bbox 545 708 722 750; x_wconf 87' lang='lat' dir='ltr'>tempore</span> <span class='ocrx_word' id='word_1_49' title='bbox 753 694 953 734; x_wconf 90' lang='lat' dir='ltr'>infirmum</span> <span class='ocrx_word' id='word_1_50' title='bbox 986 693 1022 734; x_wconf 88' lang='lat' dir='ltr'>se</span> 
     </span>
     <span class='ocr_line' id='line_1_11' title="bbox 229 751 1023 809; baseline -0.004 -14"><span class='ocrx_word' id='word_1_51' title='bbox 229 751 456 799; x_wconf 61' lang='lat' dir='ltr'>simulasset,</span> <span class='ocrx_word' id='word_1_52' title='bbox 501 751 698 809; x_wconf 78' lang='lat' dir='ltr'>postremo</span> <span class='ocrx_word' id='word_1_53' title='bbox 731 751 956 793; x_wconf 69' lang='lat' dir='ltr'>defunctum</span> <span class='ocrx_word' id='word_1_54' title='bbox 988 751 1023 793; x_wconf 78' lang='lat' dir='ltr'>ie</span> 
     </span>
     <span class='ocr_line' id='line_1_12' title="bbox 229 809 1023 869; baseline -0.003 -16"><span class='ocrx_word' id='word_1_55' title='bbox 229 811 415 869; x_wconf 87' lang='lat' dir='ltr'>fingeret,</span> <span class='ocrx_word' id='word_1_56' title='bbox 440 825 485 851; x_wconf 90' lang='lat' dir='ltr'>ac</span> <span class='ocrx_word' id='word_1_57' title='bbox 500 810 602 865; x_wconf 86' lang='lat' dir='ltr'>quafi</span> <span class='ocrx_word' id='word_1_58' title='bbox 631 825 702 867; x_wconf 90' lang='lat' dir='ltr'>pro</span> <span class='ocrx_word' id='word_1_59' title='bbox 733 809 943 867; x_wconf 67' lang='lat' dir='ltr'>sepultura,</span> <span class='ocrx_word' id='word_1_60' title='bbox 973 810 1023 851; x_wconf 87' lang='lat' dir='ltr'>ad</span> 
     </span>
     <span class='ocr_line' id='line_1_13' title="bbox 227 868 1020 926; baseline -0.004 -14"><span class='ocrx_word' id='word_1_61' title='bbox 227 885 362 912; x_wconf 88' lang='lat' dir='ltr'>eorum</span> <span class='ocrx_word' id='word_1_62' title='bbox 383 868 590 910; x_wconf 68' lang='lat' dir='ltr'>Ecclesiam</span> <span class='ocrx_word' id='word_1_63' title='bbox 615 869 808 926; x_wconf 89' lang='lat' dir='ltr'>deportari</span> <span class='ocrx_word' id='word_1_64' title='bbox 824 868 858 909; x_wconf 92' lang='lat' dir='ltr'>se</span> <span class='ocrx_word' id='word_1_65' title='bbox 875 882 1020 926; x_wconf 86' lang='lat' dir='ltr'>patere-</span> 
     </span>
     <span class='ocr_line' id='line_1_14' title="bbox 228 927 1018 984; baseline -0.001 -14"><span class='ocrx_word' id='word_1_66' title='bbox 228 941 307 975; x_wconf 90' lang='lat' dir='ltr'>tur,</span> <span class='ocrx_word' id='word_1_67' title='bbox 337 941 431 968; x_wconf 90' lang='lat' dir='ltr'>tunc</span> <span class='ocrx_word' id='word_1_68' title='bbox 446 927 626 984; x_wconf 74' lang='lat' dir='ltr'>praeterea</span> <span class='ocrx_word' id='word_1_69' title='bbox 645 957 656 973; x_wconf 96' lang='lat'>,</span> <span class='ocrx_word' id='word_1_70' title='bbox 695 927 797 983; x_wconf 87' lang='lat' dir='ltr'>quafi</span> <span class='ocrx_word' id='word_1_71' title='bbox 828 928 878 968; x_wconf 91' lang='lat' dir='ltr'>ad</span> <span class='ocrx_word' id='word_1_72' title='bbox 897 931 1018 969; x_wconf 86' lang='lat' dir='ltr'>vitam</span> 
     </span>
     <span class='ocr_line' id='line_1_15' title="bbox 227 985 1017 1032; baseline 0.001 -4"><span class='ocrx_word' id='word_1_73' title='bbox 227 1000 449 1032; x_wconf 86' lang='lat' dir='ltr'>revocatus,</span> <span class='ocrx_word' id='word_1_74' title='bbox 481 986 503 1027; x_wconf 83' lang='grc' dir='ltr'>ὲ</span> <span class='ocrx_word' id='word_1_75' title='bbox 522 985 662 1027; x_wconf 86' lang='lat' dir='ltr'>feretro</span> <span class='ocrx_word' id='word_1_76' title='bbox 687 985 758 1026; x_wconf 90' lang='lat' dir='ltr'>sese</span> <span class='ocrx_word' id='word_1_77' title='bbox 788 985 1017 1029; x_wconf 78' lang='lat' dir='ltr'>extolleret,</span> 
     </span>
     <span class='ocr_line' id='line_1_16' title="bbox 226 1044 1025 1090; baseline -0.004 -3"><span class='ocrx_word' id='word_1_78' title='bbox 226 1047 319 1087; x_wconf 72' lang='lat' dir='ltr'>cum</span> <span class='ocrx_word' id='word_1_79' title='bbox 346 1044 394 1086; x_wconf 87' lang='lat' dir='ltr'>ad</span> <span class='ocrx_word' id='word_1_80' title='bbox 423 1044 750 1086; x_wconf 88' lang='lat' dir='ltr'>contestationem</span> <span class='ocrx_word' id='word_1_81' title='bbox 762 1047 919 1086; x_wconf 70' lang='lat' dir='ltr'>MARIAE</span> <span class='ocrx_word' id='word_1_82' title='bbox 943 1073 953 1090; x_wconf 92' lang='lat'>,</span> <span class='ocrx_word' id='word_1_83' title='bbox 984 1048 1025 1084; x_wconf 91' lang='lat' dir='ltr'>in</span> 
     </span>
     <span class='ocr_line' id='line_1_17' title="bbox 227 1101 1025 1160; baseline -0.003 -15"><span class='ocrx_word' id='word_1_84' title='bbox 227 1101 410 1160; x_wconf 73' lang='lat' dir='ltr'>originali</span> <span class='ocrx_word' id='word_1_85' title='bbox 431 1117 595 1160; x_wconf 87' lang='lat' dir='ltr'>peccato</span> <span class='ocrx_word' id='word_1_86' title='bbox 609 1116 832 1159; x_wconf 66' lang='lat' dir='ltr'>conceptae,</span> <span class='ocrx_word' id='word_1_87' title='bbox 857 1103 898 1143; x_wconf 95' lang='lat' dir='ltr'>id</span> <span class='ocrx_word' id='word_1_88' title='bbox 910 1107 1025 1144; x_wconf 84' lang='lat' dir='ltr'>mira-</span> 
     </span>
     <span class='ocr_line' id='line_1_18' title="bbox 227 1160 1025 1218; baseline -0.001 -15"><span class='ocrx_word' id='word_1_89' title='bbox 227 1161 358 1203; x_wconf 88' lang='lat' dir='ltr'>culum</span> <span class='ocrx_word' id='word_1_90' title='bbox 379 1161 563 1204; x_wconf 86' lang='lat' dir='ltr'>Sacerdos</span> <span class='ocrx_word' id='word_1_91' title='bbox 600 1160 623 1202; x_wconf 74' lang='grc' dir='ltr'>ὲ</span> <span class='ocrx_word' id='word_1_92' title='bbox 648 1163 824 1202; x_wconf 88' lang='lat' dir='ltr'>Numine</span> <span class='ocrx_word' id='word_1_93' title='bbox 845 1161 1025 1218; x_wconf 81' lang='lat' dir='ltr'>exposce-</span> 
     </span>
     <span class='ocr_line' id='line_1_19' title="bbox 227 1219 1025 1275; baseline -0.003 -13"><span class='ocrx_word' id='word_1_94' title='bbox 227 1234 300 1262; x_wconf 85' lang='lat' dir='ltr'><strong>ret.</strong></span> <span class='ocrx_word' id='word_1_95' title='bbox 364 1219 528 1262; x_wconf 79' lang='lat' dir='ltr'>Praebuit</span> <span class='ocrx_word' id='word_1_96' title='bbox 577 1219 740 1262; x_wconf 83' lang='lat' dir='ltr'>Nobilis</span> <span class='ocrx_word' id='word_1_97' title='bbox 786 1220 1025 1275; x_wconf 72' lang='lat' dir='ltr'>iniquissimis</span> 
     </span>
     <span class='ocr_line' id='line_1_20' title="bbox 227 1276 1023 1336; baseline -0.003 -15"><span class='ocrx_word' id='word_1_98' title='bbox 227 1278 529 1336; x_wconf 83' lang='lat' dir='ltr'>suggestionibus</span> <span class='ocrx_word' id='word_1_99' title='bbox 568 1276 751 1319; x_wconf 77' lang='lat' dir='ltr'>assensum</span> <span class='ocrx_word' id='word_1_100' title='bbox 771 1308 782 1324; x_wconf 94' lang='lat'>‚</span> <span class='ocrx_word' id='word_1_101' title='bbox 846 1293 890 1319; x_wconf 92' lang='lat' dir='ltr'>ac</span> <span class='ocrx_word' id='word_1_102' title='bbox 937 1278 1023 1335; x_wconf 93' lang='lat' dir='ltr'>post</span> 
     </span>
     <span class='ocr_line' id='line_1_21' title="bbox 228 1336 1023 1394; baseline -0.003 -16"><span class='ocrx_word' id='word_1_103' title='bbox 228 1338 358 1378; x_wconf 61' lang='lat' dir='ltr'>fictam</span> <span class='ocrx_word' id='word_1_104' title='bbox 398 1351 610 1394; x_wconf 90' lang='lat' dir='ltr'>paucorum</span> <span class='ocrx_word' id='word_1_105' title='bbox 637 1336 788 1377; x_wconf 89' lang='lat' dir='ltr'>dierum</span> <span class='ocrx_word' id='word_1_106' title='bbox 821 1337 1023 1377; x_wconf 86' lang='lat' dir='ltr'>infirmita-</span> 
     </span>
     <span class='ocr_line' id='line_1_22' title="bbox 228 1394 1022 1452; baseline -0.004 -15"><span class='ocrx_word' id='word_1_107' title='bbox 228 1409 309 1437; x_wconf 87' lang='lat' dir='ltr'>tem</span> <span class='ocrx_word' id='word_1_108' title='bbox 330 1425 340 1441; x_wconf 97' lang='lat'>,</span> <span class='ocrx_word' id='word_1_109' title='bbox 383 1410 529 1452; x_wconf 85' lang='lat' dir='ltr'>magno</span> <span class='ocrx_word' id='word_1_110' title='bbox 556 1409 646 1435; x_wconf 91' lang='lat' dir='ltr'>cum</span> <span class='ocrx_word' id='word_1_111' title='bbox 667 1408 872 1451; x_wconf 89' lang='lat' dir='ltr'>apparatu,</span> <span class='ocrx_word' id='word_1_112' title='bbox 903 1394 1022 1435; x_wconf 87' lang='lat' dir='ltr'>turbis</span> 
     </span>
     <span class='ocr_line' id='line_1_23' title="bbox 228 1453 1019 1509; baseline 0 -15"><span class='ocrx_word' id='word_1_113' title='bbox 228 1453 524 1500; x_wconf 85' lang='lat' dir='ltr'>comitantibus,</span> <span class='ocrx_word' id='word_1_114' title='bbox 555 1453 603 1494; x_wconf 93' lang='lat' dir='ltr'>ad</span> <span class='ocrx_word' id='word_1_115' title='bbox 615 1453 823 1494; x_wconf 84' lang='lat' dir='ltr'>Ecclesiam</span> <span class='ocrx_word' id='word_1_116' title='bbox 839 1453 1019 1509; x_wconf 82' lang='lat' dir='ltr'>deporta-</span> 
     </span>
     <span class='ocr_line' id='line_1_24' title="bbox 228 1511 1018 1567; baseline 0 -15"><span class='ocrx_word' id='word_1_117' title='bbox 228 1526 288 1553; x_wconf 88' lang='lat' dir='ltr'>tus</span> <span class='ocrx_word' id='word_1_118' title='bbox 304 1542 314 1558; x_wconf 90' lang='lat'>,</span> <span class='ocrx_word' id='word_1_119' title='bbox 346 1515 385 1552; x_wconf 90' lang='lat' dir='ltr'>in</span> <span class='ocrx_word' id='word_1_120' title='bbox 433 1513 511 1567; x_wconf 89' lang='lat' dir='ltr'>ejus</span> <span class='ocrx_word' id='word_1_121' title='bbox 563 1512 696 1552; x_wconf 90' lang='lat' dir='ltr'>medio</span> <span class='ocrx_word' id='word_1_122' title='bbox 740 1511 1018 1567; x_wconf 87' lang='lat' dir='ltr'>deponebatur.</span> 
     </span>
     <span class='ocr_line' id='line_1_25' title="bbox 227 1569 1019 1613; baseline -0.003 0"><span class='ocrx_word' id='word_1_123' title='bbox 227 1575 458 1613; x_wconf 87' lang='lat' dir='ltr'>Sermonem</span> <span class='ocrx_word' id='word_1_124' title='bbox 494 1570 747 1612; x_wconf 87' lang='lat' dir='ltr'>Sacerdotum</span> <span class='ocrx_word' id='word_1_125' title='bbox 768 1569 925 1611; x_wconf 88' lang='lat' dir='ltr'>illorum</span> <span class='ocrx_word' id='word_1_126' title='bbox 951 1569 1019 1611; x_wconf 77' lang='lat' dir='ltr'>ali-</span> 
     </span>
     <span class='ocr_line' id='line_1_26' title="bbox 225 1626 1024 1686; baseline 0 -15"><span class='ocrx_word' id='word_1_127' title='bbox 225 1632 310 1685; x_wconf 75' lang='lat' dir='ltr'>quis</span> <span class='ocrx_word' id='word_1_128' title='bbox 349 1626 549 1670; x_wconf 86' lang='lat' dir='ltr'>funebrem</span> <span class='ocrx_word' id='word_1_129' title='bbox 590 1628 811 1686; x_wconf 80' lang='lat' dir='ltr'>perorabat,</span> <span class='ocrx_word' id='word_1_130' title='bbox 852 1630 1024 1685; x_wconf 75' lang='lat' dir='ltr'>cumque</span> 
     </span>
     <span class='ocr_line' id='line_1_27' title="bbox 227 1684 1021 1744; baseline 0.004 -15"><span class='ocrx_word' id='word_1_131' title='bbox 227 1688 279 1729; x_wconf 89' lang='lat' dir='ltr'>ad</span> <span class='ocrx_word' id='word_1_132' title='bbox 317 1687 490 1729; x_wconf 85' lang='lat' dir='ltr'>medium</span> <span class='ocrx_word' id='word_1_133' title='bbox 528 1686 707 1728; x_wconf 66' lang='lat' dir='ltr'>dictionis</span> <span class='ocrx_word' id='word_1_134' title='bbox 752 1684 979 1744; x_wconf 76' lang='lat' dir='ltr'>pervenisset</span> <span class='ocrx_word' id='word_1_135' title='bbox 1008 1712 1021 1732; x_wconf 73' lang='lat'><em>2</em></span> 
     </span>
     <span class='ocr_line' id='line_1_28' title="bbox 229 1743 1022 1803; baseline 0 -15"><span class='ocrx_word' id='word_1_136' title='bbox 229 1760 324 1788; x_wconf 90' lang='lat' dir='ltr'>tunc</span> <span class='ocrx_word' id='word_1_137' title='bbox 353 1743 552 1788; x_wconf 77' lang='lat' dir='ltr'>enimvero</span> <span class='ocrx_word' id='word_1_138' title='bbox 573 1773 584 1793; x_wconf 86' lang='lat'>,</span> <span class='ocrx_word' id='word_1_139' title='bbox 619 1745 862 1803; x_wconf 77' lang='lat' dir='ltr'>praesentibus</span> <span class='ocrx_word' id='word_1_140' title='bbox 907 1747 1022 1788; x_wconf 91' lang='lat' dir='ltr'>innu-</span> 
     </span>
     <span class='ocr_line' id='line_1_29' title="bbox 228 1802 1020 1853; baseline 0 -7"><span class='ocrx_word' id='word_1_141' title='bbox 228 1807 344 1846; x_wconf 84' lang='lat' dir='ltr'>meris</span> <span class='ocrx_word' id='word_1_142' title='bbox 366 1804 455 1846; x_wconf 76' lang='lat' dir='ltr'>vere</span> <span class='ocrx_word' id='word_1_143' title='bbox 466 1802 729 1848; x_wconf 71' lang='lat' dir='ltr'>scholaribus,</span> <span class='ocrx_word' id='word_1_144' title='bbox 761 1802 945 1853; x_wconf 76' lang='lat' dir='ltr'>Civibus,</span> <span class='ocrx_word' id='word_1_145' title='bbox 975 1820 1020 1846; x_wconf 88' lang='lat' dir='ltr'>ac</span> 
     </span>
     <span class='ocr_line' id='line_1_30' title="bbox 229 1860 1020 1920; baseline 0.003 -16"><span class='ocrx_word' id='word_1_146' title='bbox 229 1860 463 1905; x_wconf 75' lang='lat' dir='ltr'>diversorum</span> <span class='ocrx_word' id='word_1_147' title='bbox 491 1863 690 1905; x_wconf 92' lang='lat' dir='ltr'>Ordinum</span> <span class='ocrx_word' id='word_1_148' title='bbox 710 1860 912 1920; x_wconf 81' lang='lat' dir='ltr'>Religiosis</span> <span class='ocrx_word' id='word_1_149' title='bbox 931 1892 942 1911; x_wconf 93' lang='lat'>,</span> <span class='ocrx_word' id='word_1_150' title='bbox 970 1864 1020 1906; x_wconf 88' lang='lat' dir='ltr'>ad</span> 
     </span>
    </p>
   </div>
   <div class='ocr_carea' id='block_1_3' title="bbox 229 1922 1075 1979">
    <p class='ocr_par' dir='ltr' id='par_1_3' title="bbox 229 1922 1075 1979">
     <span class='ocr_line' id='line_1_31' title="bbox 229 1922 1075 1979; baseline 0.001 -16"><span class='ocrx_word' id='word_1_151' title='bbox 229 1924 408 1977; x_wconf 77' lang='lat' dir='ltr'>exequias</span> <span class='ocrx_word' id='word_1_152' title='bbox 425 1923 675 1969; x_wconf 87' lang='lat' dir='ltr'>convocatis,</span> <span class='ocrx_word' id='word_1_153' title='bbox 715 1922 916 1976; x_wconf 88' lang='lat' dir='ltr'>conjurare</span> <span class='ocrx_word' id='word_1_154' title='bbox 955 1924 1015 1964; x_wconf 87' lang='lat' dir='ltr'>in-</span> <span class='ocrx_word' id='word_1_155' title='bbox 1072 1974 1075 1979; x_wconf 83' lang='lat'>.</span> 
     </span>
    </p>
   </div>
   <div class='ocr_carea' id='block_1_4' title="bbox 224 1980 1017 2388">
    <p class='ocr_par' dir='ltr' id='par_1_4' title="bbox 224 1980 1017 2388">
     <span class='ocr_line' id='line_1_32' title="bbox 225 1980 1017 2038; baseline 0.001 -16"><span class='ocrx_word' id='word_1_156' title='bbox 225 1985 330 2038; x_wconf 87' lang='lat' dir='ltr'>cepit</span> <span class='ocrx_word' id='word_1_157' title='bbox 353 1980 541 2021; x_wconf 89' lang='lat' dir='ltr'>Nobilem</span> <span class='ocrx_word' id='word_1_158' title='bbox 556 1980 677 2028; x_wconf 88' lang='lat' dir='ltr'>illum,</span> <span class='ocrx_word' id='word_1_159' title='bbox 708 1995 776 2037; x_wconf 89' lang='lat' dir='ltr'>per</span> <span class='ocrx_word' id='word_1_160' title='bbox 791 1982 883 2021; x_wconf 88' lang='lat' dir='ltr'>DEI</span> <span class='ocrx_word' id='word_1_161' title='bbox 900 1984 1017 2023; x_wconf 90' lang='lat' dir='ltr'>virtu-</span> 
     </span>
     <span class='ocr_line' id='line_1_33' title="bbox 228 2039 1017 2097; baseline 0.001 -16"><span class='ocrx_word' id='word_1_162' title='bbox 228 2053 332 2085; x_wconf 88' lang='lat' dir='ltr'>tem,</span> <span class='ocrx_word' id='word_1_163' title='bbox 363 2054 407 2079; x_wconf 91' lang='lat' dir='ltr'>ac</span> <span class='ocrx_word' id='word_1_164' title='bbox 440 2042 658 2096; x_wconf 89' lang='lat' dir='ltr'>potentiam</span> <span class='ocrx_word' id='word_1_165' title='bbox 679 2067 691 2085; x_wconf 89' lang='lat'>,</span> <span class='ocrx_word' id='word_1_166' title='bbox 725 2052 768 2080; x_wconf 91' lang='lat' dir='ltr'>ut</span> <span class='ocrx_word' id='word_1_167' title='bbox 789 2039 815 2079; x_wconf 89' lang='lat' dir='ltr'><strong>fi</strong></span> <span class='ocrx_word' id='word_1_168' title='bbox 831 2042 1017 2097; x_wconf 80' lang='lat' dir='ltr'>Virginea</span> 
     </span>
     <span class='ocr_line' id='line_1_34' title="bbox 229 2095 1016 2154; baseline -0.001 -14"><span class='ocrx_word' id='word_1_169' title='bbox 229 2100 322 2140; x_wconf 87' lang='lat' dir='ltr'>DEI</span> <span class='ocrx_word' id='word_1_170' title='bbox 346 2100 525 2140; x_wconf 85' lang='lat' dir='ltr'>Genitrix</span> <span class='ocrx_word' id='word_1_171' title='bbox 539 2095 785 2154; x_wconf 85' lang='lat' dir='ltr'>Originalem</span> <span class='ocrx_word' id='word_1_172' title='bbox 808 2098 1016 2139; x_wconf 84' lang='lat' dir='ltr'>contraxis-</span> 
     </span>
     <span class='ocr_line' id='line_1_35' title="bbox 225 2154 1016 2212; baseline 0.001 -14"><span class='ocrx_word' id='word_1_173' title='bbox 225 2155 279 2199; x_wconf 87' lang='lat' dir='ltr'>set</span> <span class='ocrx_word' id='word_1_174' title='bbox 297 2155 512 2202; x_wconf 86' lang='lat' dir='ltr'>maculam,</span> <span class='ocrx_word' id='word_1_175' title='bbox 542 2157 717 2212; x_wconf 73' lang='lat' dir='ltr'>protinus</span> <span class='ocrx_word' id='word_1_176' title='bbox 741 2154 934 2198; x_wconf 72' lang='lat' dir='ltr'>amortuis</span> <span class='ocrx_word' id='word_1_177' title='bbox 957 2172 1016 2199; x_wconf 89' lang='lat' dir='ltr'>re-</span> 
     </span>
     <span class='ocr_line' id='line_1_36' title="bbox 225 2213 1015 2272; baseline 0 -15"><span class='ocrx_word' id='word_1_178' title='bbox 225 2213 410 2272; x_wconf 69' lang='lat' dir='ltr'>fingeret,</span> <span class='ocrx_word' id='word_1_179' title='bbox 440 2229 485 2255; x_wconf 89' lang='lat' dir='ltr'>ac</span> <span class='ocrx_word' id='word_1_180' title='bbox 504 2217 652 2257; x_wconf 87' lang='lat' dir='ltr'>veritati</span> <span class='ocrx_word' id='word_1_181' title='bbox 682 2214 772 2254; x_wconf 84' lang='lat' dir='ltr'>huic</span> <span class='ocrx_word' id='word_1_182' title='bbox 800 2214 1015 2257; x_wconf 88' lang='lat' dir='ltr'>testimoni-</span> 
     </span>
     <span class='ocr_line' id='line_1_37' title="bbox 226 2272 1012 2330; baseline 0.001 -16"><span class='ocrx_word' id='word_1_183' title='bbox 226 2288 295 2314; x_wconf 90' lang='lat' dir='ltr'>um</span> <span class='ocrx_word' id='word_1_184' title='bbox 316 2272 541 2330; x_wconf 85' lang='lat' dir='ltr'>perhiberet.</span> <span class='ocrx_word' id='word_1_185' title='bbox 599 2272 818 2329; x_wconf 88' lang='lat' dir='ltr'>Repetebat</span> <span class='ocrx_word' id='word_1_186' title='bbox 846 2275 1012 2321; x_wconf 74' lang='lat' dir='ltr'>iterum,</span> 
     </span>
     <span class='ocr_line' id='line_1_38' title="bbox 224 2329 1013 2388; baseline 0.003 -16"><span class='ocrx_word' id='word_1_187' title='bbox 224 2329 440 2388; x_wconf 53' lang='lat' dir='ltr'>ioerumdue</span> <span class='ocrx_word' id='word_1_188' title='bbox 475 2331 787 2386; x_wconf 88' lang='lat' dir='ltr'>conjurationem</span> <span class='ocrx_word' id='word_1_189' title='bbox 812 2330 915 2373; x_wconf 85' lang='lat' dir='ltr'>suam</span> <span class='ocrx_word' id='word_1_190' title='bbox 948 2337 1013 2376; x_wconf 90' lang='lat' dir='ltr'>Sa-</span> 
     </span>
    </p>
   </div>
   <div class='ocr_carea' id='block_1_5' title="bbox 224 2380 1111 2437">
    <p class='ocr_par' dir='ltr' id='par_1_5' title="bbox 224 2380 1111 2438">
     <span class='ocr_line' id='line_1_39' title="bbox 224 2380 1111 2437; baseline 0.002 -6"><span class='ocrx_word' id='word_1_191' title='bbox 224 2390 382 2437; x_wconf 87' lang='lat' dir='ltr'>cerdos,</span> <span class='ocrx_word' id='word_1_192' title='bbox 412 2389 474 2430; x_wconf 89' lang='lat' dir='ltr'>sed</span> <span class='ocrx_word' id='word_1_193' title='bbox 501 2388 635 2431; x_wconf 71' lang='lat' dir='ltr'>frustra</span> <span class='ocrx_word' id='word_1_194' title='bbox 664 2392 825 2437; x_wconf 66' lang='lat' dir='ltr'>omnia,</span> <span class='ocrx_word' id='word_1_195' title='bbox 857 2389 1010 2433; x_wconf 75' lang='lat' dir='ltr'>cessavit</span> <span class='ocrx_word' id='word_1_196' title='bbox 1077 2380 1111 2415; x_wconf 38' lang='lat'>3</span> 
     </span>
    </p>
   </div>
   <div class='ocr_carea' id='block_1_6' title="bbox 203 2447 1008 3031">
    <p class='ocr_par' dir='ltr' id='par_1_6' title="bbox 203 2447 1008 3031">
     <span class='ocr_line' id='line_1_40' title="bbox 223 2447 1008 2494; baseline 0.001 -4"><span class='ocrx_word' id='word_1_197' title='bbox 223 2451 410 2491; x_wconf 76' lang='lat' dir='ltr'>nimirum</span> <span class='ocrx_word' id='word_1_198' title='bbox 433 2448 538 2489; x_wconf 70' lang='lat' dir='ltr'>fictio</span> <span class='ocrx_word' id='word_1_199' title='bbox 558 2477 570 2494; x_wconf 92' lang='lat'>,</span> <span class='ocrx_word' id='word_1_200' title='bbox 600 2447 666 2490; x_wconf 91' lang='lat' dir='ltr'>ubi</span> <span class='ocrx_word' id='word_1_201' title='bbox 690 2464 779 2489; x_wconf 87' lang='lat' dir='ltr'>vera</span> <span class='ocrx_word' id='word_1_202' title='bbox 804 2450 914 2490; x_wconf 89' lang='lat' dir='ltr'>Mors</span> <span class='ocrx_word' id='word_1_203' title='bbox 934 2451 1008 2491; x_wconf 85' lang='lat' dir='ltr'>im-</span> 
     </span>
     <span class='ocr_line' id='line_1_41' title="bbox 223 2506 1008 2564; baseline 0 -15"><span class='ocrx_word' id='word_1_204' title='bbox 223 2507 386 2564; x_wconf 89' lang='lat' dir='ltr'>postoris</span> <span class='ocrx_word' id='word_1_205' title='bbox 421 2510 592 2548; x_wconf 90' lang='lat' dir='ltr'>animam</span> <span class='ocrx_word' id='word_1_206' title='bbox 617 2506 640 2547; x_wconf 82' lang='grc' dir='ltr'>ὲ</span> <span class='ocrx_word' id='word_1_207' title='bbox 665 2522 828 2563; x_wconf 89' lang='lat' dir='ltr'>corpore</span> <span class='ocrx_word' id='word_1_208' title='bbox 845 2508 1008 2549; x_wconf 81' lang='lat' dir='ltr'>extrusit.</span> 
     </span>
     <span class='ocr_line' id='line_1_42' title="bbox 220 2566 1008 2622; baseline 0.001 -15"><span class='ocrx_word' id='word_1_209' title='bbox 220 2566 441 2608; x_wconf 88' lang='lat' dir='ltr'>Admiratus</span> <span class='ocrx_word' id='word_1_210' title='bbox 471 2580 565 2622; x_wconf 82' lang='lat' dir='ltr'>ergo</span> <span class='ocrx_word' id='word_1_211' title='bbox 611 2568 754 2606; x_wconf 90' lang='lat' dir='ltr'>mirum</span> <span class='ocrx_word' id='word_1_212' title='bbox 780 2568 821 2605; x_wconf 92' lang='lat' dir='ltr'>in</span> <span class='ocrx_word' id='word_1_213' title='bbox 842 2566 1008 2608; x_wconf 89' lang='lat' dir='ltr'>modum</span> 
     </span>
     <span class='ocr_line' id='line_1_43' title="bbox 219 2622 1008 2681; baseline 0.001 -15"><span class='ocrx_word' id='word_1_214' title='bbox 219 2624 437 2681; x_wconf 85' lang='lat' dir='ltr'>Presbyter,</span> <span class='ocrx_word' id='word_1_215' title='bbox 479 2639 524 2665; x_wconf 90' lang='lat' dir='ltr'>ac</span> <span class='ocrx_word' id='word_1_216' title='bbox 545 2622 748 2664; x_wconf 89' lang='lat' dir='ltr'>immobile</span> <span class='ocrx_word' id='word_1_217' title='bbox 777 2623 923 2680; x_wconf 86' lang='lat' dir='ltr'>prorsus</span> <span class='ocrx_word' id='word_1_218' title='bbox 945 2641 1008 2667; x_wconf 85' lang='lat' dir='ltr'>ca-</span> 
     </span>
     <span class='ocr_line' id='line_1_44' title="bbox 217 2679 1004 2740; baseline -0.001 -15"><span class='ocrx_word' id='word_1_219' title='bbox 217 2683 335 2725; x_wconf 88' lang='lat' dir='ltr'>daver</span> <span class='ocrx_word' id='word_1_220' title='bbox 354 2679 622 2740; x_wconf 85' lang='lat' dir='ltr'>persentiscens</span> <span class='ocrx_word' id='word_1_221' title='bbox 645 2711 656 2729; x_wconf 94' lang='lat'>,</span> <span class='ocrx_word' id='word_1_222' title='bbox 699 2680 846 2723; x_wconf 75' lang='lat' dir='ltr'>summe</span> <span class='ocrx_word' id='word_1_223' title='bbox 865 2682 1004 2725; x_wconf 70' lang='lat' dir='ltr'>confis-</span> 
     </span>
     <span class='ocr_line' id='line_1_45' title="bbox 216 2738 1004 2798; baseline 0.004 -17"><span class='ocrx_word' id='word_1_224' title='bbox 216 2739 273 2781; x_wconf 79' lang='lat' dir='ltr'>fiis</span> <span class='ocrx_word' id='word_1_225' title='bbox 293 2744 501 2783; x_wconf 87' lang='lat' dir='ltr'>intremuit.</span> <span class='ocrx_word' id='word_1_226' title='bbox 560 2741 718 2795; x_wconf 87' lang='lat' dir='ltr'>Conjux</span> <span class='ocrx_word' id='word_1_227' title='bbox 738 2738 855 2798; x_wconf 78' lang='lat' dir='ltr'>porro</span> <span class='ocrx_word' id='word_1_228' title='bbox 866 2739 1004 2784; x_wconf 89' lang='lat' dir='ltr'>defun-</span> 
     </span>
     <span class='ocr_line' id='line_1_46' title="bbox 213 2798 1003 2858; baseline 0.003 -19"><span class='ocrx_word' id='word_1_229' title='bbox 213 2801 283 2845; x_wconf 67' lang='lat' dir='ltr'>eti,</span> <span class='ocrx_word' id='word_1_230' title='bbox 312 2813 392 2841; x_wconf 89' lang='lat' dir='ltr'>tam</span> <span class='ocrx_word' id='word_1_231' title='bbox 404 2799 579 2841; x_wconf 86' lang='lat' dir='ltr'>nefandae</span> <span class='ocrx_word' id='word_1_232' title='bbox 599 2798 739 2840; x_wconf 90' lang='lat' dir='ltr'>fraudis</span> <span class='ocrx_word' id='word_1_233' title='bbox 761 2798 925 2841; x_wconf 73' lang='lat' dir='ltr'>minime</span> <span class='ocrx_word' id='word_1_234' title='bbox 945 2802 1003 2858; x_wconf 82' lang='lat' dir='ltr'>ig-</span> 
     </span>
     <span class='ocr_line' id='line_1_47' title="bbox 209 2856 1002 2914; baseline 0.004 -17"><span class='ocrx_word' id='word_1_235' title='bbox 209 2872 301 2898; x_wconf 88' lang='lat' dir='ltr'>nara</span> <span class='ocrx_word' id='word_1_236' title='bbox 321 2886 333 2903; x_wconf 95' lang='lat'>,</span> <span class='ocrx_word' id='word_1_237' title='bbox 364 2860 456 2898; x_wconf 75' lang='lat' dir='ltr'>cum</span> <span class='ocrx_word' id='word_1_238' title='bbox 477 2864 518 2900; x_wconf 85' lang='lat'>&amp;</span> <span class='ocrx_word' id='word_1_239' title='bbox 555 2856 632 2914; x_wconf 86' lang='lat' dir='ltr'>ipsa</span> <span class='ocrx_word' id='word_1_240' title='bbox 670 2856 850 2900; x_wconf 90' lang='lat' dir='ltr'>dolorem</span> <span class='ocrx_word' id='word_1_241' title='bbox 869 2858 1002 2901; x_wconf 87' lang='lat' dir='ltr'>multis</span> 
     </span>
     <span class='ocr_line' id='line_1_48' title="bbox 208 2913 994 2972; baseline 0.003 -16"><span class='ocrx_word' id='word_1_242' title='bbox 208 2914 411 2972; x_wconf 87' lang='lat' dir='ltr'>lachrymis</span> <span class='ocrx_word' id='word_1_243' title='bbox 425 2915 602 2957; x_wconf 68' lang='lat' dir='ltr'>simulans</span> <span class='ocrx_word' id='word_1_244' title='bbox 617 2944 628 2961; x_wconf 89' lang='lat'>‚</span> <span class='ocrx_word' id='word_1_245' title='bbox 658 2913 842 2957; x_wconf 85' lang='lat' dir='ltr'>maritum</span> <span class='ocrx_word' id='word_1_246' title='bbox 860 2917 911 2958; x_wconf 91' lang='lat' dir='ltr'>ad</span> <span class='ocrx_word' id='word_1_247' title='bbox 921 2919 994 2958; x_wconf 88' lang='lat' dir='ltr'>Ec-</span> 
     </span>
     <span class='ocr_line' id='line_1_49' title="bbox 203 2972 991 3031; baseline 0.003 -15"><span class='ocrx_word' id='word_1_248' title='bbox 203 2974 355 3017; x_wconf 82' lang='lat' dir='ltr'>clesiam</span> <span class='ocrx_word' id='word_1_249' title='bbox 377 2977 564 3020; x_wconf 61' lang='lat' dir='ltr'>comitata</span> <span class='ocrx_word' id='word_1_250' title='bbox 591 2972 719 3031; x_wconf 23' lang='lat' dir='ltr'>fuiss&#39;et-</span> <span class='ocrx_word' id='word_1_251' title='bbox 736 3003 748 3022; x_wconf 88' lang='lat'>‚</span> <span class='ocrx_word' id='word_1_252' title='bbox 777 2973 913 3017; x_wconf 76' lang='lat' dir='ltr'>videns</span> <span class='ocrx_word' id='word_1_253' title='bbox 940 2974 991 3018; x_wconf 89' lang='lat' dir='ltr'>ad</span> 
     </span>
    </p>
   </div>
   <div class='ocr_carea' id='block_1_7' title="bbox 1051 1717 1859 2771">
    <p class='ocr_par' dir='ltr' id='par_1_7' title="bbox 1051 1717 1859 2771">
     <span class='ocr_line' id='line_1_50' title="bbox 1051 1717 1859 2771; baseline 0 0"><span class='ocrx_word' id='word_1_254' title='bbox 1051 1717 1859 2771; x_wconf 95' lang='lat' dir='ltr'> </span> 
     </span>
    </p>
   </div>
   <div class='ocr_carea' id='block_1_8' title="bbox 1751 159 1815 217">
    <p class='ocr_par' dir='ltr' id='par_1_8' title="bbox 1751 159 1815 217">
     <span class='ocr_line' id='line_1_51' title="bbox 1751 159 1815 217; baseline 0.078 -5"><span class='ocrx_word' id='word_1_255' title='bbox 1751 159 1815 217; x_wconf 84' lang='lat'>93</span> 
     </span>
    </p>
   </div>
   <div class='ocr_carea' id='block_1_9' title="bbox 1068 233 1868 1285">
    <p class='ocr_par' dir='ltr' id='par_1_9' title="bbox 1068 233 1868 1285">
     <span class='ocr_line' id='line_1_52' title="bbox 1069 233 1859 293; baseline 0.001 -18"><span class='ocrx_word' id='word_1_256' title='bbox 1069 235 1283 276; x_wconf 82' lang='lat' dir='ltr'>Sacerdotis</span> <span class='ocrx_word' id='word_1_257' title='bbox 1311 233 1401 289; x_wconf 70' lang='lat' dir='ltr'>jussa</span> <span class='ocrx_word' id='word_1_258' title='bbox 1417 262 1429 284; x_wconf 85' lang='lat'>,</span> <span class='ocrx_word' id='word_1_259' title='bbox 1468 249 1605 293; x_wconf 86' lang='lat' dir='ltr'>corpus</span> <span class='ocrx_word' id='word_1_260' title='bbox 1624 234 1827 278; x_wconf 84' lang='lat' dir='ltr'>immobile</span> <span class='ocrx_word' id='word_1_261' title='bbox 1847 265 1859 282; x_wconf 86' lang='lat'>,</span> 
     </span>
     <span class='ocr_line' id='line_1_53' title="bbox 1068 291 1860 351; baseline 0.004 -20"><span class='ocrx_word' id='word_1_262' title='bbox 1068 291 1195 333; x_wconf 86' lang='lat' dir='ltr'>statim</span> <span class='ocrx_word' id='word_1_263' title='bbox 1208 294 1396 340; x_wconf 88' lang='lat' dir='ltr'>advertit,</span> <span class='ocrx_word' id='word_1_264' title='bbox 1425 293 1638 351; x_wconf 85' lang='lat' dir='ltr'>malignam</span> <span class='ocrx_word' id='word_1_265' title='bbox 1655 299 1783 336; x_wconf 89' lang='lat' dir='ltr'>mariti</span> <span class='ocrx_word' id='word_1_266' title='bbox 1808 293 1860 335; x_wconf 68' lang='lat' dir='ltr'>lui</span> 
     </span>
     <span class='ocr_line' id='line_1_54' title="bbox 1070 350 1861 397; baseline 0.003 -7"><span class='ocrx_word' id='word_1_267' title='bbox 1070 350 1290 397; x_wconf 65' lang='lat' dir='ltr'>fictionem,</span> <span class='ocrx_word' id='word_1_268' title='bbox 1323 352 1535 393; x_wconf 90' lang='lat' dir='ltr'>detestante</span> <span class='ocrx_word' id='word_1_269' title='bbox 1553 353 1691 397; x_wconf 73' lang='lat' dir='ltr'>Coelo&gt;</span> <span class='ocrx_word' id='word_1_270' title='bbox 1723 353 1861 394; x_wconf 83' lang='lat' dir='ltr'>debitis</span> 
     </span>
     <span class='ocr_line' id='line_1_55' title="bbox 1070 408 1861 467; baseline 0.003 -18"><span class='ocrx_word' id='word_1_271' title='bbox 1070 408 1296 451; x_wconf 65' lang='lat' dir='ltr'>mulctatam</span> <span class='ocrx_word' id='word_1_272' title='bbox 1325 409 1513 467; x_wconf 80' lang='lat' dir='ltr'>supplicijs</span> <span class='ocrx_word' id='word_1_273' title='bbox 1541 410 1669 458; x_wconf 75' lang='lat' dir='ltr'>fuisse5</span> <span class='ocrx_word' id='word_1_274' title='bbox 1704 411 1797 452; x_wconf 91' lang='lat' dir='ltr'>hinc</span> <span class='ocrx_word' id='word_1_275' title='bbox 1812 412 1861 451; x_wconf 88' lang='lat' dir='ltr'>ad</span> 
     </span>
     <span class='ocr_line' id='line_1_56' title="bbox 1068 465 1860 516; baseline 0.005 -10"><span class='ocrx_word' id='word_1_276' title='bbox 1068 465 1251 508; x_wconf 87' lang='lat' dir='ltr'>feretrum</span> <span class='ocrx_word' id='word_1_277' title='bbox 1272 469 1478 510; x_wconf 88' lang='lat' dir='ltr'>confestim</span> <span class='ocrx_word' id='word_1_278' title='bbox 1492 482 1692 511; x_wconf 88' lang='lat' dir='ltr'>accurrens</span> <span class='ocrx_word' id='word_1_279' title='bbox 1713 500 1724 516; x_wconf 92' lang='lat'>,</span> <span class='ocrx_word' id='word_1_280' title='bbox 1755 486 1860 511; x_wconf 90' lang='lat' dir='ltr'>mor-</span> 
     </span>
     <span class='ocr_line' id='line_1_57' title="bbox 1071 526 1863 584; baseline 0.005 -20"><span class='ocrx_word' id='word_1_281' title='bbox 1071 538 1182 568; x_wconf 87' lang='lat' dir='ltr'>tuum</span> <span class='ocrx_word' id='word_1_282' title='bbox 1206 526 1337 567; x_wconf 74' lang='lat' dir='ltr'>revera</span> <span class='ocrx_word' id='word_1_283' title='bbox 1365 530 1517 568; x_wconf 89' lang='lat' dir='ltr'>invenit</span> <span class='ocrx_word' id='word_1_284' title='bbox 1539 531 1690 574; x_wconf 88' lang='lat' dir='ltr'>virum,</span> <span class='ocrx_word' id='word_1_285' title='bbox 1719 533 1784 584; x_wconf 88' lang='lat' dir='ltr'>qui</span> <span class='ocrx_word' id='word_1_286' title='bbox 1806 532 1863 570; x_wconf 78' lang='lat' dir='ltr'>vi-</span> 
     </span>
     <span class='ocr_line' id='line_1_58' title="bbox 1072 584 1861 642; baseline 0.004 -19"><span class='ocrx_word' id='word_1_287' title='bbox 1072 598 1139 624; x_wconf 92' lang='lat' dir='ltr'>vus</span> <span class='ocrx_word' id='word_1_288' title='bbox 1170 587 1211 624; x_wconf 91' lang='lat' dir='ltr'>in</span> <span class='ocrx_word' id='word_1_289' title='bbox 1231 584 1439 625; x_wconf 82' lang='lat' dir='ltr'>Ecclesiam</span> <span class='ocrx_word' id='word_1_290' title='bbox 1476 584 1597 626; x_wconf 87' lang='lat' dir='ltr'>fuerat</span> <span class='ocrx_word' id='word_1_291' title='bbox 1620 587 1861 642; x_wconf 82' lang='lat' dir='ltr'>deportatus:</span> 
     </span>
     <span class='ocr_line' id='line_1_59' title="bbox 1071 642 1862 700; baseline 0.008 -19"><span class='ocrx_word' id='word_1_292' title='bbox 1071 642 1285 698; x_wconf 82' lang='lat' dir='ltr'>Eapropter</span> <span class='ocrx_word' id='word_1_293' title='bbox 1318 656 1465 700; x_wconf 83' lang='lat' dir='ltr'>magno</span> <span class='ocrx_word' id='word_1_294' title='bbox 1496 659 1587 684; x_wconf 93' lang='lat' dir='ltr'>cum</span> <span class='ocrx_word' id='word_1_295' title='bbox 1614 645 1755 699; x_wconf 85' lang='lat' dir='ltr'>ejulatu</span> <span class='ocrx_word' id='word_1_296' title='bbox 1798 661 1862 686; x_wconf 88' lang='lat' dir='ltr'>ex-</span> 
     </span>
     <span class='ocr_line' id='line_1_60' title="bbox 1071 698 1864 747; baseline 0.006 -8"><span class='ocrx_word' id='word_1_297' title='bbox 1071 698 1265 747; x_wconf 86' lang='lat' dir='ltr'>clamans,</span> <span class='ocrx_word' id='word_1_298' title='bbox 1297 701 1433 742; x_wconf 81' lang='lat' dir='ltr'>talibus</span> <span class='ocrx_word' id='word_1_299' title='bbox 1456 703 1704 744; x_wconf 79' lang='lat' dir='ltr'>Sacerdotem</span> <span class='ocrx_word' id='word_1_300' title='bbox 1730 708 1864 746; x_wconf 88' lang='lat' dir='ltr'>convi-</span> 
     </span>
     <span class='ocr_line' id='line_1_61' title="bbox 1073 759 1866 815; baseline 0.008 -18"><span class='ocrx_word' id='word_1_301' title='bbox 1073 759 1334 815; x_wconf 86' lang='lat' dir='ltr'>cijsimpetijt.</span> <span class='ocrx_word' id='word_1_302' title='bbox 1408 759 1732 802; x_wconf 87' lang='lat' dir='ltr'>Osceleratiffime</span> <span class='ocrx_word' id='word_1_303' title='bbox 1759 766 1766 801; x_wconf 92' lang='lat'>!</span> <span class='ocrx_word' id='word_1_304' title='bbox 1798 778 1866 803; x_wconf 92' lang='lat' dir='ltr'>oc-</span> 
     </span>
     <span class='ocr_line' id='line_1_62' title="bbox 1073 816 1866 866; baseline 0.008 -10"><span class='ocrx_word' id='word_1_305' title='bbox 1073 816 1198 858; x_wconf 86' lang='lat' dir='ltr'>cidisti</span> <span class='ocrx_word' id='word_1_306' title='bbox 1219 821 1343 859; x_wconf 89' lang='lat' dir='ltr'>virum</span> <span class='ocrx_word' id='word_1_307' title='bbox 1355 823 1512 859; x_wconf 91' lang='lat' dir='ltr'>meum!</span> <span class='ocrx_word' id='word_1_308' title='bbox 1539 822 1613 866; x_wconf 87' lang='lat' dir='ltr'>Tu,</span> <span class='ocrx_word' id='word_1_309' title='bbox 1645 822 1708 861; x_wconf 93' lang='lat' dir='ltr'>Tu</span> <span class='ocrx_word' id='word_1_310' title='bbox 1720 821 1866 861; x_wconf 87' lang='lat' dir='ltr'>occidi-</span> 
     </span>
     <span class='ocr_line' id='line_1_63' title="bbox 1071 873 1866 935; baseline 0.005 -19"><span class='ocrx_word' id='word_1_311' title='bbox 1071 873 1238 916; x_wconf 88' lang='lat' dir='ltr'>stiillum</span> <span class='ocrx_word' id='word_1_312' title='bbox 1263 881 1269 916; x_wconf 91' lang='lat'>!</span> <span class='ocrx_word' id='word_1_313' title='bbox 1296 877 1441 917; x_wconf 87' lang='lat' dir='ltr'>Fraude</span> <span class='ocrx_word' id='word_1_314' title='bbox 1464 880 1577 933; x_wconf 85' lang='lat' dir='ltr'>igitur</span> <span class='ocrx_word' id='word_1_315' title='bbox 1603 894 1671 935; x_wconf 89' lang='lat' dir='ltr'>per</span> <span class='ocrx_word' id='word_1_316' title='bbox 1685 879 1866 921; x_wconf 87' lang='lat' dir='ltr'>ordinem</span> 
     </span>
     <span class='ocr_line' id='line_1_64' title="bbox 1068 934 1865 994; baseline 0.006 -20"><span class='ocrx_word' id='word_1_317' title='bbox 1068 934 1263 981; x_wconf 65' lang='lat' dir='ltr'>enarrata,</span> <span class='ocrx_word' id='word_1_318' title='bbox 1295 934 1359 976; x_wconf 91' lang='lat' dir='ltr'>suo</span> <span class='ocrx_word' id='word_1_319' title='bbox 1387 937 1466 989; x_wconf 89' lang='lat' dir='ltr'>jam</span> <span class='ocrx_word' id='word_1_320' title='bbox 1492 936 1625 977; x_wconf 83' lang='lat' dir='ltr'>orbata</span> <span class='ocrx_word' id='word_1_321' title='bbox 1658 939 1825 994; x_wconf 84' lang='lat' dir='ltr'>conjuge</span> <span class='ocrx_word' id='word_1_322' title='bbox 1855 968 1865 984; x_wconf 93' lang='lat'>‚</span> 
     </span>
     <span class='ocr_line' id='line_1_65' title="bbox 1075 991 1868 1049; baseline 0.005 -16"><span class='ocrx_word' id='word_1_323' title='bbox 1075 991 1410 1049; x_wconf 83' lang='lat' dir='ltr'>lachrymabunda</span> <span class='ocrx_word' id='word_1_324' title='bbox 1460 995 1603 1035; x_wconf 82' lang='lat' dir='ltr'>recessit</span> <span class='ocrx_word' id='word_1_325' title='bbox 1633 1024 1646 1040; x_wconf 81' lang='lat'>,</span> <span class='ocrx_word' id='word_1_326' title='bbox 1709 1000 1868 1037; x_wconf 85' lang='lat' dir='ltr'>maritus</span> 
     </span>
     <span class='ocr_line' id='line_1_66' title="bbox 1075 1052 1867 1098; baseline 0.003 -5"><span class='ocrx_word' id='word_1_327' title='bbox 1075 1065 1167 1093; x_wconf 86' lang='lat' dir='ltr'>vero</span> <span class='ocrx_word' id='word_1_328' title='bbox 1184 1081 1195 1098; x_wconf 96' lang='lat'>,</span> <span class='ocrx_word' id='word_1_329' title='bbox 1237 1067 1327 1093; x_wconf 90' lang='lat' dir='ltr'>cum</span> <span class='ocrx_word' id='word_1_330' title='bbox 1365 1052 1536 1093; x_wconf 67' lang='lat' dir='ltr'>maxima</span> <span class='ocrx_word' id='word_1_331' title='bbox 1567 1053 1867 1096; x_wconf 87' lang='lat' dir='ltr'>adversariorum</span> 
     </span>
     <span class='ocr_line' id='line_1_67' title="bbox 1075 1110 1867 1156; baseline 0.005 -6"><span class='ocrx_word' id='word_1_332' title='bbox 1075 1110 1322 1156; x_wconf 86' lang='lat' dir='ltr'>confufione,</span> <span class='ocrx_word' id='word_1_333' title='bbox 1354 1114 1589 1152; x_wconf 84' lang='lat' dir='ltr'>contrariam</span> <span class='ocrx_word' id='word_1_334' title='bbox 1608 1115 1769 1154; x_wconf 82' lang='lat' dir='ltr'>intentae</span> <span class='ocrx_word' id='word_1_335' title='bbox 1798 1112 1867 1154; x_wconf 88' lang='lat' dir='ltr'>fal-</span> 
     </span>
     <span class='ocr_line' id='line_1_68' title="bbox 1074 1168 1867 1218; baseline 0.006 -10"><span class='ocrx_word' id='word_1_336' title='bbox 1074 1168 1173 1209; x_wconf 79' lang='lat' dir='ltr'>sitati</span> <span class='ocrx_word' id='word_1_337' title='bbox 1192 1172 1391 1210; x_wconf 88' lang='lat' dir='ltr'>veritatem</span> <span class='ocrx_word' id='word_1_338' title='bbox 1415 1199 1425 1216; x_wconf 94' lang='lat'><em>‚</em></span> <span class='ocrx_word' id='word_1_339' title='bbox 1458 1169 1518 1210; x_wconf 64' lang='lat' dir='ltr'>sua</span> <span class='ocrx_word' id='word_1_340' title='bbox 1537 1185 1664 1211; x_wconf 87' lang='lat' dir='ltr'>morte</span> <span class='ocrx_word' id='word_1_341' title='bbox 1679 1202 1690 1218; x_wconf 93' lang='lat'>,</span> <span class='ocrx_word' id='word_1_342' title='bbox 1721 1177 1762 1212; x_wconf 91' lang='lat' dir='ltr'>in</span> <span class='ocrx_word' id='word_1_343' title='bbox 1783 1175 1867 1213; x_wconf 65' lang='lat' dir='ltr'>aaa</span> 
     </span>
     <span class='ocr_line' id='line_1_69' title="bbox 1074 1227 1868 1285; baseline 0.006 -18"><span class='ocrx_word' id='word_1_344' title='bbox 1074 1231 1245 1268; x_wconf 85' lang='lat' dir='ltr'>exercito</span> <span class='ocrx_word' id='word_1_345' title='bbox 1256 1227 1868 1285; x_wconf 27' lang='lat' dir='ltr'>comprobavit-Ktynaudslbmss.</span> 
     </span>
    </p>
   </div>
   <div class='ocr_carea' id='block_1_10' title="bbox 1067 1297 1233 1344">
    <p class='ocr_par' dir='ltr' id='par_1_10' title="bbox 1067 1297 1233 1344">
     <span class='ocr_line' id='line_1_70' title="bbox 1067 1297 1233 1344; baseline 0.006 -19"><span class='ocrx_word' id='word_1_346' title='bbox 1067 1297 1148 1344; x_wconf 81' lang='lat' dir='ltr'>pag.</span> <span class='ocrx_word' id='word_1_347' title='bbox 1160 1303 1233 1333; x_wconf 75' lang='lat'><em>325.</em></span> 
     </span>
    </p>
   </div>
   <div class='ocr_carea' id='block_1_11' title="bbox 1255 1399 1678 1476">
    <p class='ocr_par' dir='ltr' id='par_1_11' title="bbox 1255 1399 1678 1476">
     <span class='ocr_line' id='line_1_71' title="bbox 1255 1399 1678 1476; baseline 0.002 -25"><span class='ocrx_word' id='word_1_348' title='bbox 1255 1403 1296 1468; x_wconf 85' lang='lat'>§.</span> <span class='ocrx_word' id='word_1_349' title='bbox 1320 1413 1363 1466; x_wconf 77' lang='grc' dir='ltr'>ς.</span> <span class='ocrx_word' id='word_1_350' title='bbox 1401 1399 1678 1476; x_wconf 50' lang='lat' dir='ltr'>&amp;anhelum</span> 
     </span>
    </p>
   </div>
   <div class='ocr_carea' id='block_1_12' title="bbox 1070 1508 2021 1573">
    <p class='ocr_par' dir='ltr' id='par_1_12' title="bbox 1070 1508 2021 1573">
     <span class='ocr_line' id='line_1_72' title="bbox 1070 1508 2021 1573; baseline 0.007 -16"><span class='ocrx_word' id='word_1_351' title='bbox 1070 1512 1176 1559; x_wconf 79' lang='lat' dir='ltr'>NeC</span> <span class='ocrx_word' id='word_1_352' title='bbox 1209 1513 1467 1559; x_wconf 84' lang='lat' dir='ltr'>HerCVLes</span> <span class='ocrx_word' id='word_1_353' title='bbox 1498 1514 1676 1559; x_wconf 84' lang='lat' dir='ltr'>Contra</span> <span class='ocrx_word' id='word_1_354' title='bbox 1700 1514 1870 1573; x_wconf 83' lang='lat' dir='ltr'>DVos,</span> <span class='ocrx_word' id='word_1_355' title='bbox 1905 1508 2021 1568; x_wconf 80' lang='lat'>194.</span> 
     </span>
    </p>
   </div>
   <div class='ocr_carea' id='block_1_13' title="bbox 1114 1580 1822 1717">
    <p class='ocr_par' dir='ltr' id='par_1_13' title="bbox 1114 1580 1822 1717">
     <span class='ocr_line' id='line_1_73' title="bbox 1114 1580 1822 1646; baseline -0.001 -15"><span class='ocrx_word' id='word_1_356' title='bbox 1114 1585 1315 1645; x_wconf 87' lang='lat' dir='ltr'>Delpara</span> <span class='ocrx_word' id='word_1_357' title='bbox 1336 1583 1438 1629; x_wconf 89' lang='lat' dir='ltr'>sIne</span> <span class='ocrx_word' id='word_1_358' title='bbox 1453 1580 1573 1630; x_wconf 86' lang='lat' dir='ltr'>Labe</span> <span class='ocrx_word' id='word_1_359' title='bbox 1585 1585 1822 1646; x_wconf 87' lang='lat' dir='ltr'>ConCep-</span> 
     </span>
     <span class='ocr_line' id='line_1_74' title="bbox 1302 1656 1657 1717; baseline 0.017 -17"><span class='ocrx_word' id='word_1_360' title='bbox 1302 1664 1346 1700; x_wconf 90' lang='lat' dir='ltr'>ta</span> <span class='ocrx_word' id='word_1_361' title='bbox 1367 1686 1381 1711; x_wconf 89' lang='lat'>,</span> <span class='ocrx_word' id='word_1_362' title='bbox 1410 1656 1589 1704; x_wconf 87' lang='lat' dir='ltr'>Contra</span> <span class='ocrx_word' id='word_1_363' title='bbox 1613 1658 1657 1717; x_wconf 74' lang='grc'>3.</span> 
     </span>
    </p>
   </div>
   <div class='ocr_carea' id='block_1_14' title="bbox 1600 1948 1601 1965">
    <p class='ocr_par' dir='ltr' id='par_1_14' title="bbox 1600 1948 1601 1965">
     <span class='ocr_line' id='line_1_75' title="bbox 1600 1948 1601 1965; baseline 0 0"><span class='ocrx_word' id='word_1_364' title='bbox 1600 1948 1601 1965; x_wconf 95' lang='lat' dir='ltr'> </span> 
     </span>
    </p>
   </div>
   <div class='ocr_carea' id='block_1_15' title="bbox 1090 2790 1843 2957">
    <p class='ocr_par' dir='ltr' id='par_1_15' title="bbox 1095 2790 1786 2878">
     <span class='ocr_line' id='line_1_76' title="bbox 1095 2790 1786 2831; baseline -0.012 -2"><span class='ocrx_word' id='word_1_365' title='bbox 1095 2796 1226 2830; x_wconf 68' lang='lat' dir='ltr'>Herculis</span> <span class='ocrx_word' id='word_1_366' title='bbox 1234 2796 1288 2826; x_wconf 81' lang='lat' dir='ltr'>hoc</span> <span class='ocrx_word' id='word_1_367' title='bbox 1297 2794 1382 2825; x_wconf 84' lang='lat' dir='ltr'>robur</span> <span class='ocrx_word' id='word_1_368' title='bbox 1390 2803 1447 2824; x_wconf 84' lang='lat' dir='ltr'>non</span> <span class='ocrx_word' id='word_1_369' title='bbox 1454 2794 1503 2823; x_wconf 70' lang='lat' dir='ltr'>est,</span> <span class='ocrx_word' id='word_1_370' title='bbox 1514 2793 1637 2831; x_wconf 73' lang='lat' dir='ltr'>ptzstare</span> <span class='ocrx_word' id='word_1_371' title='bbox 1652 2790 1766 2823; x_wconf 75' lang='lat' dir='ltr'>dnobus</span> <span class='ocrx_word' id='word_1_372' title='bbox 1774 2812 1786 2829; x_wconf 85' lang='lat'>,</span> 
     </span>
     <span class='ocr_line' id='line_1_77' title="bbox 1135 2833 1726 2878; baseline -0.012 -9"><span class='ocrx_word' id='word_1_373' title='bbox 1135 2839 1277 2869; x_wconf 82' lang='lat' dir='ltr'>Herculeo</span> <span class='ocrx_word' id='word_1_374' title='bbox 1289 2837 1351 2878; x_wconf 82' lang='lat' dir='ltr'>plus</span> <span class='ocrx_word' id='word_1_375' title='bbox 1358 2837 1396 2865; x_wconf 82' lang='lat' dir='ltr'>est</span> <span class='ocrx_word' id='word_1_376' title='bbox 1404 2835 1506 2864; x_wconf 84' lang='lat' dir='ltr'>robore</span> <span class='ocrx_word' id='word_1_377' title='bbox 1521 2845 1528 2864; x_wconf 68' lang='grc' dir='ltr'><strong>ε</strong></span> <span class='ocrx_word' id='word_1_378' title='bbox 1544 2833 1635 2861; x_wconf 86' lang='lat' dir='ltr'>sterno</span> <span class='ocrx_word' id='word_1_379' title='bbox 1646 2833 1726 2862; x_wconf 58' lang='lat' dir='ltr'>duo&amp;</span> 
     </span>
    </p>

    <p class='ocr_par' dir='ltr' id='par_1_16' title="bbox 1090 2872 1843 2957">
     <span class='ocr_line' id='line_1_78' title="bbox 1090 2872 1843 2917; baseline -0.013 -6"><span class='ocrx_word' id='word_1_380' title='bbox 1090 2882 1248 2913; x_wconf 79' lang='lat' dir='ltr'>Mortalem</span> <span class='ocrx_word' id='word_1_381' title='bbox 1257 2880 1379 2917; x_wconf 83' lang='lat' dir='ltr'>culpam,</span> <span class='ocrx_word' id='word_1_382' title='bbox 1394 2876 1553 2906; x_wconf 72' lang='lat' dir='ltr'>Veniakm.</span> <span class='ocrx_word' id='word_1_383' title='bbox 1569 2879 1597 2904; x_wconf 66' lang='lat' dir='ltr'>t&lt;</span> <span class='ocrx_word' id='word_1_384' title='bbox 1610 2875 1741 2914; x_wconf 76' lang='lat' dir='ltr'>originis.</span> <span class='ocrx_word' id='word_1_385' title='bbox 1756 2872 1843 2903; x_wconf 70' lang='lat' dir='ltr'>Alma</span> 
     </span>
     <span class='ocr_line' id='line_1_79' title="bbox 1126 2915 1685 2957; baseline -0.02 -5"><span class='ocrx_word' id='word_1_386' title='bbox 1126 2925 1224 2954; x_wconf 85' lang='lat' dir='ltr'>Mater</span> <span class='ocrx_word' id='word_1_387' title='bbox 1237 2922 1384 2957; x_wconf 67' lang='lat' dir='ltr'>Concepzu</span> <span class='ocrx_word' id='word_1_388' title='bbox 1395 2919 1455 2946; x_wconf 63' lang='lat' dir='ltr'>nes</span> <span class='ocrx_word' id='word_1_389' title='bbox 1468 2924 1547 2949; x_wconf 78' lang='lat' dir='ltr'>necat</span> <span class='ocrx_word' id='word_1_390' title='bbox 1554 2925 1613 2943; x_wconf 79' lang='lat' dir='ltr'>una</span> <span class='ocrx_word' id='word_1_391' title='bbox 1626 2915 1685 2946; x_wconf 83' lang='lat' dir='ltr'>suo,</span> 
     </span>
    </p>
   </div>
   <div class='ocr_carea' id='block_1_16' title="bbox 1081 2977 1843 3026">
    <p class='ocr_par' dir='ltr' id='par_1_17' title="bbox 1081 2977 1843 3026">
     <span class='ocr_line' id='line_1_80' title="bbox 1081 2977 1843 3026; baseline -0.021 -10"><span class='ocrx_word' id='word_1_392' title='bbox 1081 2988 1141 3017; x_wconf 76' lang='lat' dir='ltr'>Tres</span> <span class='ocrx_word' id='word_1_393' title='bbox 1149 2987 1246 3026; x_wconf 74' lang='lat' dir='ltr'>[periet</span> <span class='ocrx_word' id='word_1_394' title='bbox 1261 2983 1356 3012; x_wconf 69' lang='lat' dir='ltr'>odivi:</span> <span class='ocrx_word' id='word_1_395' title='bbox 1375 2981 1478 3014; x_wconf 68' lang='lat' dir='ltr'>anima</span> <span class='ocrx_word' id='word_1_396' title='bbox 1492 2987 1564 3009; x_wconf 73' lang='lat' dir='ltr'>mea.</span> <span class='ocrx_word' id='word_1_397' title='bbox 1587 2977 1703 3009; x_wconf 69' lang='lat' dir='ltr'>Hecu-e.</span> <span class='ocrx_word' id='word_1_398' title='bbox 1718 2987 1763 3015; x_wconf 80' lang='lat'>³5·</span> <span class='ocrx_word' id='word_1_399' title='bbox 1775 2987 1804 3009; x_wconf 59' lang='lat' dir='ltr'>v,</span> <span class='ocrx_word' id='word_1_400' title='bbox 1816 2987 1843 3014; x_wconf 72' lang='lat'>³·</span> 
     </span>
    </p>
   </div>
   <div class='ocr_carea' id='block_1_17' title="bbox 864 3097 1169 3170">
    <p class='ocr_par' dir='ltr' id='par_1_18' title="bbox 864 3097 1169 3170">
     <span class='ocr_line' id='line_1_81' title="bbox 864 3097 1169 3170; baseline -0.013 0"><span class='ocrx_word' id='word_1_401' title='bbox 864 3097 1169 3170; x_wconf 37' lang='lat' dir='ltr'>&amp;aaa</span> 
     </span>
    </p>
   </div>
   <div class='ocr_carea' id='block_1_18' title="bbox 1694 3238 1797 3292">
    <p class='ocr_par' dir='ltr' id='par_1_19' title="bbox 1694 3238 1797 3292">
     <span class='ocr_line' id='line_1_82' title="bbox 1694 3238 1797 3292; baseline 0.029 -3"><span class='ocrx_word' id='word_1_402' title='bbox 1694 3239 1733 3292; x_wconf 70' lang='lat'>5.</span> <span class='ocrx_word' id='word_1_403' title='bbox 1746 3238 1797 3292; x_wconf 92' lang='grc'>6.</span> 
     </span>
    </p>
   </div>
  </div>
 </body>
</html>
