2159 3508
46 873 107 910 Sap⁴
123 881 163 900 10.

50 922 77 942 ν.
92 922 136 949 ¹4·

66 2286 131 2311 Gen.
142 2290 187 2311 ιο.

62 2330 88 2349 V.
106 2331 150 2357 17.
162 2329 189 2354 δι

66 2365 118 2404 seq.

743 76 1062 165 Conceptus
1143 44 1366 150 XCIV]

201 172 235 218 se
246 192 399 232 quoque
415 175 566 219 asserere
579 174 680 233 posse
691 205 701 222 ‚
729 175 826 217 nulli
840 175 911 217 effe
923 175 990 216 du-

203 235 309 276 bium
328 236 451 292 potest
466 267 476 282 ‚
506 251 554 275 eo
570 234 771 291 praesertim
782 250 828 275 ex
851 236 990 290 capite,

205 293 311 348 quod
345 299 354 342 (
364 296 466 348 juxta
477 296 725 349 Conceptuin
737 292 990 349 superiorem)

206 351 227 392 a
242 355 399 393 nemine
411 351 480 392 stese
494 352 798 392 condemnatam
809 377 820 394 ‚
851 349 991 406 gaude-

205 424 244 451 at
259 413 406 457 Mater,
441 425 521 451 non
537 412 690 450 tantum
709 412 750 449 in
770 412 857 449 vitae
877 409 992 447 t0tins

207 468 384 515 decuriis,
418 467 481 509 sed
501 471 618 508 etiam
640 473 680 507 in
708 465 787 522 ipso
811 468 994 520 Concepa

210 530 326 568 tionis
356 526 424 567 suae
438 526 619 570 exordio,
651 521 994 580 peromniaincul-

209 584 354 642 pabilis.
411 583 531 639 Qod
549 583 750 624 fiDivinus
767 584 844 636 ejus
856 581 969 621 Filius
984 609 994 626 ‚

209 647 340 699 Agnus
366 640 630 682 immaculatus
650 662 662 684 ⁵
694 655 760 697 per
794 655 838 680 ea
853 638 968 680 verba
987 653 996 676 ε

211 702 292 759 Qis
325 717 366 739 ex
402 698 494 740 vobs&
528 712 642 756 arguet
670 713 718 738 me
753 697 791 737 de
818 708 945 754 peccato
974 696 999 735 ,Ρ

211 759 431 812 Judaeorum
445 756 623 797 confudit
638 756 836 812 perfidiam
846 785 856 802 ,
886 754 1000 796 auda-

211 816 390 871 ciamque
410 815 730 856 calumniantium
742 813 1000 870 compescens,

212 874 373 916 mendaces
390 872 534 929 ostendit,
564 873 618 929 qui
631 873 878 912 maculaverunt
893 872 999 912 illum:

213 933 419 974 mendaces
454 935 572 971 etiam
598 960 609 977 ‚
647 931 848 972 occasione
895 930 1003 983 hujus

217 991 361 1035 textus,
403 989 604 1031 ostendam
641 1003 736 1046 ego,
766 996 807 1031 ὃς
843 998 1004 1029 temera-

217 1052 290 1090 rios
308 1063 444 1089 omnes
465 1047 572 1094 illos,
613 1051 679 1102 qui
697 1046 889 1088 maculam
905 1044 1005 1087 ΜΑ-

218 1122 244 1148 R
258 1123 270 1147 1
290 1121 324 1147 ΑΞ
348 1106 526 1162 affingere
552 1109 592 1146 in
608 1108 880 1162 Conceptione
917 1103 1007 1144 alla-

219 1166 369 1206 borant.
428 1167 484 1205 Hi
523 1167 651 1210 enim,
682 1168 747 1219 qui
778 1163 1009 1220 purissimam

220 1225 312 1265 DEI
324 1225 566 1264 Genitricem
576 1225 724 1279 peccati
740 1236 890 1279 arguunt,
914 1223 1010 1274 ejus-

220 1283 386 1337 demt‘lue
399 1284 714 1338 Conceptionem
727 1280 810 1321 labe
827 1279 1007 1320 infectam

221 1340 531 1385 calumniantur,
565 1339 620 1379 nil
660 1338 763 1379 aliud
793 1338 940 1379 efficere
956 1340 1011 1378 vi-

222 1400 360 1439 dentur
370 1425 379 1441 ,
406 1397 522 1453 quam
537 1396 643 1451 quod
656 1411 801 1437 amaras
817 1412 862 1436 ex
874 1397 1011 1438 Divini

223 1457 304 1509 Filij
343 1457 463 1496 oculis
488 1455 705 1510 lachrymas
743 1458 960 1510 exprimant
1001 1470 1011 1498 3

223 1515 317 1569 quid
333 1518 438 1554 enim
459 1516 591 1569 aegrius
603 1512 715 1553 ferret
724 1512 819 1552 filius
830 1526 919 1568 erga
929 1513 1015 1552 Ma—

226 1588 323 1614 trem
339 1572 500 1613 devotus
513 1601 521 1616 ‚
550 1570 668 1625 quam
683 1586 769 1611 eam
781 1570 926 1615 videre,
956 1572 1015 1609 in-

226 1629 417 1672 tolerabili
446 1629 576 1671 affictae
604 1628 698 1670 labis
719 1627 935 1685 ignominia
958 1630 1017 1666 in-

229 1689 392 1730 fectam?
419 1691 484 1743 qui
504 1688 687 1744 proinde,
717 1701 759 1727 ut
780 1689 912 1742 pietati
933 1684 1015 1739 Filij

227 1747 473 1793 satisfaceret,
499 1760 645 1786 amaras
681 1744 784 1786 certe
804 1744 1017 1800 lachrymas

229 1804 424 1846 effundere
435 1818 647 1849 teneretur,
673 1802 727 1844 ob
743 1816 893 1844 tantam
903 1806 1018 1843 inno-

230 1878 361 1905 center
370 1863 578 1919 redargatae
591 1863 727 1904 Matris
742 1861 1017 1902 infelicitatem

231 1923 304 1965 Sed
317 1921 446 1963 lubeat
457 1923 678 1977 Conceptui
697 1919 829 1961 nostro
841 1935 889 1960 ex
903 1921 1020 1961 veteri

230 1980 460 2021 testamento
481 1979 820 2021 confirmationem
841 1989 1018 2033 quaerere.

231 2043 394 2080 Mortuo
425 2039 587 2079 tandem
607 2051 753 2094 magno
772 2036 841 2077 illo
860 2034 1020 2078 Patriar-

231 2096 305 2138 cha
326 2096 474 2148 Jacobo
490 2126 501 2143 ‚
540 2099 683 2136 Fratres
694 2094 872 2151 Josephi,
902 2097 1018 2136 timo-

234 2171 271 2196 re
288 2158 474 2211 correpti,
505 2153 554 2195 fic
581 2154 630 2194 ad
654 2153 895 2194 castissimum
912 2153 1018 2194 hunc

232 2216 396 2271 AEgypti
421 2212 619 2254 Praesulem
640 2212 724 2253 sunt
743 2211 863 2253 locuti
884 2226 892 2250 ε
920 2214 1024 2251 Pater

232 2286 308 2312 tuus
321 2272 470 2329 praecepit
490 2271 598 2317 nobzis,
629 2271 799 2327 antequdm
828 2283 1021 2316 moreretur,

232 2344 269 2370 ut
282 2330 342 2370 haec
358 2329 417 2370 tibi
434 2329 542 2370 verba
556 2329 640 2368 illitos
658 2328 852 2368 diceremus:
882 2325 1021 2384 ObficrO‚

233 2403 270 2428 uc
303 2387 497 2443 obli'mfiam·
519 2386 646 2443 sceleris
685 2389 833 2441 fraetrum
862 2400 986 2426 tuorum
1012 2416 1022 2431 ,

233 2454 272 2489 ὠ·
288 2447 410 2503 peccati
429 2475 440 2492 ‚
470 2460 566 2501 atque
587 2445 715 2484 maliciae
733 2473 743 2490 ,
774 2460 870 2500 quam
893 2461 1024 2484 exercu-

233 2519 325 2544 erunt
339 2506 372 2544 in
393 2518 424 2543 te
448 2520 456 2543 z
485 2519 540 2543 nos
552 2517 670 2560 quoque
689 2517 840 2545 oramus,
871 2518 907 2542 ut
924 2501 1022 2557 servo

235 2564 272 2602 D
289 2565 325 2602 E
343 2565 388 2609 I,
430 2562 526 2602 Patri
559 2560 619 2601 duo
655 2559 792 2600 dimittas
826 2561 1023 2617 iniquitatem

236 2621 327 2661 hanc.
388 2619 468 2661 Hic
512 2622 731 2660 examinare
771 2618 869 2659 mihi
911 2617 1025 2659 liceat

234 2693 378 2719 amaras
391 2678 617 2720 Patriarchae
626 2676 780 2734 Josephi
790 2676 1022 2734 lachrymas-3

237 2750 278 2777 ut
304 2741 410 2786 enim
423 2741 533 2778 Sacer
543 2736 690 2777 Textus
705 2733 929 2777 immediate
940 2734 1021 2776 sub-

236 2796 360 2850 jungit
384 2813 392 2834 ι
424 2797 494 2847 His
512 2794 632 2834 auditis
641 2793 741 2849 flewit
758 2793 880 2850 Joſs’ph.
943 2795 1023 2835 Cur

238 2867 353 2908 ergo,
381 2856 452 2894 Vir
482 2852 754 2908 praeclariffime
780 2857 787 2891 !
819 2849 943 2892 modo
976 2850 1030 2892 la-

239 2910 415 2965 chrymas
436 2910 562 2950 fiindis
581 2939 591 2956 ,
620 2913 684 2964 qui
716 2909 812 2950 mira
829 2909 1029 2964 quondam

238 2968 481 3013 fortitudine,
512 2969 676 3024 Regiam
699 2967 807 3008 illam
822 2967 1031 3023 pulchritu-

239 3027 372 3067 dinem
406 3040 444 3067 te
464 3024 700 3066 allicientem
723 3025 923 3082 superasti?
954 3026 1030 3069 Ve-

242 3088 326 3125 rum
345 3084 464 3125 multa
499 3083 532 3123 se
552 3083 717 3124 offerunt
737 3084 810 3124 hac
841 3083 890 3124 de
915 3095 954 3124 re
974 3078 1032 3125 di-

242 3142 375 3184 cenda.
437 3141 558 3184 Flevit
606 3144 712 3182 enim
741 3140 883 3198 Joseph
900 3160 911 3188 ς
943 3145 1032 3198 quia

1039 178 1184 217 Fratres
1196 175 1295 228 ejus,
1321 173 1412 212 cum
1424 167 1543 210 essen't
1569 170 1645 211 orti
1671 176 1719 208 ex
1743 168 1831 208 Per-³

1041 232 1173 274 illustri
1210 231 1347 284 Jacobi
1385 243 1525 285 genere
1552 257 1565 274 ,
1616 224 1831 284 petulanter

1041 293 1196 332 mentiri
1221 298 1302 330 non
1329 285 1619 331 erubescebant,
1649 283 1767 327 verba
1787 281 1832 322 il-

1039 348 1075 390 la
1101 378 1112 395 ‚
1141 347 1285 388 aPatre
1313 375 1325 392 ,
1355 349 1526 386 animam
1551 345 1629 398 jam
1659 354 1797 398 agente
1821 368 1833 385 ,

1040 405 1317 458 commendata
1355 403 1544 459 fingentes
1567 428 1579 445 2
1610 414 1650 441 ut
1681 401 1834 440 notavit

1042 468 1233 521 Lyranus,
1250 461 1486 519 ficperpraefata
1511 459 1635 505 merka,
1665 457 1731 499 ubi
1749 458 1836 498 No-

1044 522 1137 564 biles
1165 519 1412 578 reprehendit
1446 518 1638 559 &veritate
1659 515 1837 556 aberran-

1045 595 1122 627 τες,
1153 577 1478 635 ὅζειῐηΡΙεξὶεηῑεε
1489 575 1703 616 mendacia.
1755 572 1839 614 Fle-

1045 643 1103 680 vit
1131 641 1272 683 etiam3
1305 639 1394 691 quia
1433 633 1612 691 putavere
1650 635 1794 672 Fratres
1827 659 1838 675 ‚

1045 695 1254 752 Josephum
1277 696 1509 750 praeteritam
1529 691 1756 749 proditionis
1781 692 1840 729 in-

1047 758 1183 811 juriam
1205 752 1512 795 vindicaturum:
1544 765 1622 804 quo
1643 763 1726 789 non
1753 762 1840 789 mo-

1048 814 1181 854 dictim·
1205 809 1508 851 dedecorabatur
1545 810 1622 862 ejus
1649 810 1764 849 virtus
1800 811 1841 847 ὅτ.

1051 870 1252 917 nobilitas3
1283 872 1375 910 cum
1387 868 1595 909 vindid’mm
1619 865 1762 906 sumere
1792 863 1842 903 de

1052 930 1194 984 injurijs
1222 957 1233 974 ‚
1264 925 1687 983 ignomffliosiffimum,
1717 920 1843 977 deduc

1054 991 1136 1029 ‘viro
1157 990 1327 1042 ingenuo
1343 984 1381 1025 id
1393 983 1561 1042 suspicari
1583 980 1726 1038 prorsus
1739 980 1781 1020 sit
1792 979 1846 1019 la-

1054 1044 1304 1102 chrymabile.
1365 1045 1448 1099 Ego
1489 1044 1643 1083 interim
1689 1039 1737 1079 ad
1762 1052 1846 1078 rem

1055 1103 1278 1161 praesentem
1310 1100 1522 1158 respondeo
1549 1115 1556 1137 :
1596 1098 1686 1138 ideo
1707 1094 1846 1137 fleviffe

1056 1161 1285 1218 Jolephum3
1313 1163 1403 1213 quia
1420 1162 1512 1199 cum
1533 1160 1678 1198 Fratres
1698 1157 1775 1209 ejus
1790 1169 1847 1194 re-

1057 1221 1234 1277 digerent
1245 1222 1285 1259 in
1306 1222 1535 1258 memoriam
1547 1243 1557 1259 ‚
1584 1214 1849 1271 proditionem

1058 1278 1164 1320 illam
1188 1275 1381 1318 Ismaelitis
1411 1274 1550 1316 factam
1568 1300 1578 1316 ,
1611 1289 1658 1313 eo
1681 1271 1758 1328 ipso
1779 1273 1849 1312 Pa-

1058 1351 1207 1378 rentem
1219 1350 1374 1390 quoque
1385 1333 1575 1386 Jacobum
1601 1334 1699 1372 tanti
1718 1329 1849 1386 flagitii

1060 1393 1295 1450 complicem
1307 1393 1441 1438 facere,
1462 1407 1506 1432 ac
1518 1389 1687 1444 ejusdem
1708 1403 1798 1429 cum
1810 1386 1853 1427 fi-

1062 1453 1120 1507 lijs
1154 1454 1350 1507 inquitatis
1365 1466 1497 1506 arguere
1508 1447 1739 1490 videbantur
1754 1476 1764 1492 ,
1793 1445 1852 1485 di-

1064 1510 1213 1552 cendo:
1245 1510 1321 1549 Nos
1353 1523 1473 1564 quoque
1504 1521 1632 1547 oramus
1650 1533 1660 1551 ,
1706 1519 1742 1544 ut
1754 1503 1854 1559 fir‘vo

1064 1570 1186 1614 DEI,
1214 1568 1309 1607 Patri
1323 1579 1376 1606 tuo
1386 1564 1525 1605 dimittcvs
1547 1565 1746 1621 iniquitatem
1759 1561 1855 1602 banc.

1066 1629 1174 1668 Hinc
1193 1623 1357 1666 minime
1375 1622 1596 1664 mirandum
1615 1645 1626 1669 ,·
1658 1619 1765 1676 quod
1789 1624 1857 1672 Jo-

1065 1684 1156 1741 seph
1167 1683 1381 1739 lachrymas
1393 1680 1585 1727 effundat,
1616 1683 1708 1721 cum
1728 1678 1855 1724 audit,

1066 1745 1218 1798 Patrem
1251 1750 1406 1796 quoque
1432 1739 1606 1780 fraternae
1628 1736 1859 1795 proditionis

1065 1802 1162 1858 argui
1174 1830 1185 1848 ‚
1203 1799 1429 1856 *eademque
1438 1812 1529 1839 cum
1541 1794 1725 1838 undecim
1737 1794 1857 1839 fratri-

1068 1859 1137 1901 bus
1148 1858 1261 1916 culpa
1291 1855 1496 1899 maculari?
1533 1855 1716 1897 Alienum
1747 1862 1858 1894 na'm-

1069 1932 1146 1974 que
1161 1917 1266 1959 scivit
1296 1915 1486 1970 Jacobum
1508 1913 1652 1955 atanto
1673 1915 1857 1958 crimine5

1070 1987 1265 2021 attamen,
1298 1978 1387 2030 quia
1420 1973 1586 2019 audivit,
1634 1971 1655 2012 a
1685 1969 1860 2011 fratribus

1072 2034 1203 2091 flagitij
1230 2034 1341 2074 illum
1366 2032 1479 2089 argui,
1509 2028 1683 2086 quamvis
1696 2028 1794 2075 falfi,
1820 2031 1863 2068 in

1071 2108 1217 2134 amaras
1232 2090 1372 2133 merito
1392 2089 1586 2133 resolvitur
1613 2087 1828 2143 lachrymas
1851 2116 1862 2132 ‚

1070 2155 1188 2193 etiarn
1208 2150 1340 2192 falsum
1362 2154 1402 2190 in
1422 2151 1530 2190 Patre
1549 2151 1697 2188 crimen
1728 2145 1862 2201 deplo-

1073 2225 1169 2250 rans.
1230 2212 1277 2250 Et
1293 2207 1391 2253 sane,
1404 2207 1607 2261 quomodo
1629 2205 1708 2245 fieri
1720 2202 1863 2260 polset‚

1072 2267 1263 2321 Jacobum
1291 2263 1517 2307 contraxisse
1533 2264 1686 2319 culpam
1701 2292 1712 2309 ‚
1745 2266 1862 2312 &Jo-

1071 2326 1230 2382 sephum
1268 2324 1390 2365 filium
1425 2333 1472 2364 ex
1505 2322 1550 2363 ea
1569 2322 1758 2363 dedecore
1779 2334 1862 2360 non

1072 2384 1194 2426 affici?
1224 2386 1280 2424 Ex
1296 2397 1376 2438 quo
1398 2381 1554 2437 sequens
1576 2393 1646 2437 pro
1669 2378 1861 2420 firmando·

1073 2443 1203 2484 nostro
1222 2443 1430 2496 Conceptu
1449 2440 1589 2494 deduci
1606 2437 1730 2495 potest
1754 2451 1862 2493 argu-

1072 2514 1272 2542 mentum-.
1305 2503 1341 2541 Si
1357 2497 1498 2554 Joseph
1514 2497 1575 2540 vel
1590 2499 1796 2538 mentitum
1809 2493 1863 2534 ob

1073 2562 1221 2600 crimen
1253 2588 1262 2603 ,
1293 2557 1315 2598 ἐι
1332 2557 1520 2598 Fratribus
1538 2558 1689 2598 Parenti
1709 2552 1863 2609 impoli-

1074 2628 1179 2663 tum,
1207 2616 1306 2658 adeo
1330 2615 1492 2657 tristatur
1518 2643 1530 2661 ‚
1578 2627 1618 2654 ut
1648 2612 1865 2666 lachrymas

1074 2672 1258 2717 cohibere
1282 2684 1365 2716 non
1381 2674 1512 2731 poffit:
1542 2687 1633 2727 quas
1652 2670 1865 2725 lachrymas

1073 2732 1247 2776 Christus
1264 2748 1347 2774 non
1366 2730 1577 2774 effunderet
1592 2759 1601 2776 ‚
1633 2729 1657 2769 fi
1678 2731 1866 2769 Minuffi

1072 2792 1269 2849 puriffimae
1295 2793 1373 2846 ejus
1391 2791 1582 2832 Genitrici
1605 2794 1615 2837 (
1638 2801 1721 2842 quae
1736 2784 1790 2826 est
1800 2785 1868 2825 de-

1078 2866 1166 2897 cor,
1189 2846 1457 2904 &stelIaJacob)
1482 2846 1678 2888 mortifera
1698 2843 1764 2884 illa
1777 2845 1868 2898 Pro-

1078 2922 1325 2966 toparentum
1336 2906 1449 2963 culpa
1469 2909 1750 2961 imponeretur?
1778 2895 1869 2957 fila-

1079 2967 1127 3008 be
1157 2964 1336 3023 originali
1364 2964 1505 3005 infecta
1538 2962 1757 3003 diceretur?
1780 2959 1807 3000 fi
1829 2957 1868 2999 de

1073 3034 1223 3082 peccato,
1255 3022 1361 3079 quod
1377 3022 1485 3063 nullo
1508 3035 1680 3075 unquam
1690 3028 1872 3060 momen-

1079 3097 1121 3124 to
1136 3086 1353 3126 contraxit,
1386 3078 1505 3136 impie
1526 3077 1547 3119 ὲι
1572 3075 1873 3135 malignantibus

1078 3141 1295 3198 argueretur?
1316 3137 1533 3196 praesertim,
1547 3139 1637 3178 cum
1651 3140 1788 3178 timere
1803 3137 1871 3173 επὶ-

1777 3206 1841 3233 am
