2159 3508
70 319 207 392 446·

62 2140 181 2197 447
182 2169 197 2185 ο

781 84 1102 170 Conceptus
1184 84 1385 150 LXIV.

439 221 480 288 §.
502 233 545 288 ς.
565 221 843 296 symbolum.

314 314 506 377 LaMpas
530 349 545 371 ‚
591 312 646 362 ab
686 317 799 361 ADae
822 310 943 362 Labe

510 387 815 434 IneXtInCta.

280 1660 349 1691 Non
367 1664 449 1687 nocet
467 1656 582 1686 accenso
599 1654 673 1685 venti
692 1652 826 1684 violentia
843 1654 965 1696 lychno,

332 1703 442 1739 Qem,
460 1708 538 1737 parte
553 1708 586 1726 ex
602 1697 700 1728 omni,
716 1697 806 1724 vitrea
828 1697 903 1726 scuta
924 1707 1038 1739 tegunt·

281 1745 313 1774 Et
328 1744 451 1778 inperare
468 1749 551 1780 queat
568 1738 684 1767 maculae
698 1738 837 1766 violentia
855 1740 977 1770 Matrem
990 1761 999 1773 ,

317 1785 412 1822 Qm
430 1784 512 1810 Sacra
528 1790 568 1810 ter
582 1790 678 1818 puram
691 1780 814 1818 protegit
834 1781 891 1818 ipla
901 1782 1008 1812 Ttiase

284 1844 343 1869 Non
367 1841 552 1875 extinguetur
567 1839 598 1866 in
618 1838 691 1868 node
703 1839 826 1864 Lucerna
846 1839 917 1877 ejus.
958 1837 1039 1879 Ρεογ,

239 1893 320 1921 c.31.
353 1891 378 1910 v.
395 1885 442 1912 18.

406 1986 448 2038 ξ.
472 1976 525 2030 6.
562 1977 863 2052 Antiquitas.

241 2092 692 2157 PoLIJpheMVS‚
729 2098 875 2141 atroX
929 2097 1038 2166 CIJ..

238 2172 403 2229 CLops
423 2199 437 2222 ,
470 2167 694 2227 Reglonls
725 2167 954 2220 sICILIae,
980 2165 1036 2215 ab

364 2233 550 2306 VLIJffe
576 2238 774 2282 IVVene
800 2240 890 2283 eX„

494 2308 779 2357 oCVLatVS.

284 2397 386 2438 Nter
412 2407 548 2436 caetera
572 2394 795 2451 Cyclopum
815 2408 996 2450 portenta
1017 2424 1030 2443 ‚

236 2401 280 2498 I
313 2455 422 2495 illum
435 2452 570 2495 Siciliae
589 2456 751 2494 tractum
779 2453 991 2495 incolentia
1018 2483 1030 2500 ,

237 2513 304 2555 ubi
318 2515 443 2554 AEtna
455 2514 576 2552 Mons
598 2511 836 2552 formidabili
855 2511 1031 2554 flamma-

237 2587 324 2613 rum
360 2573 619 2626 ejectamento
660 2569 799 2626 pluries
826 2570 995 2613 clarescit
1017 2600 1029 2618 ‚

234 2631 288 2672 ob
311 2633 482 2686 corporis
506 2632 644 2685 partim
668 2628 883 2670 vastitatem
903 2658 913 2676 ,
944 2645 1030 2686 par-

233 2693 307 2730 tim
319 2689 371 2730 ob
388 2691 507 2730 animi
525 2691 767 2728 atrocitatem
781 2717 790 2734 ‚
819 2688 1029 2744 plurimum

234 2747 442 2788 timebatur
462 2745 722 2802 Polyphemus
752 2745 843 2793 ille,
872 2751 937 2802 qui
963 2762 1029 2804 pa-

235 2805 377 2846 storem
398 2808 488 2846 cum
505 2818 632 2861 ageret
653 2808 807 2851 ovium,
839 2807 1028 2847 voraciffi·

234 2879 345 2905 mum
377 2863 486 2903 simul
507 2864 716 2904 hominum
750 2864 884 2920 lupum
917 2880 1029 2922 agere

232 2921 452 2966 consuevit,
482 2936 578 2975 quos
599 2937 646 2961 ex
663 2922 805 2976 infidijs
835 2926 1028 2980 intercep-

233 2995 297 3022 tos
336 2980 385 3020 ad
415 2978 544 3019 saxum
560 2979 748 3020 violenter
759 2979 912 3027 elidere,
942 2998 1026 3023 cru-

235 3039 372 3080 deliter
392 3051 568 3082 enecare,
597 3037 773 3093 artusQue
796 3038 887 3078 tabo
905 3038 1025 3081 fluena·

236 3112 292 3139 tes
328 3094 507 3137 inlolenti
523 3094 694 3136 barbarie
706 3096 888 3137 devorare
901 3126 911 3142 ‚
930 3097 1028 3139 sum-

237 3161 310 3199 mis
334 3159 374 3197 in
403 3153 547 3206 deliciis
562 3153 739 3198 habebat,
781 3155 954 3201 Accidit,
985 3171 1027 3199 ut

1760 107 1844 159 219

1085 173 1173 233 post
1220 179 1343 232 yarios
1395 174 1514 222 casu8‚
1546 175 1737 233 marisclue
1776 194 1887 220 com-

1088 233 1196 291 plura
1236 234 1396 276 feliciter
1430 235 1598 290 superata
1645 237 1889 283 dilcrimina,

1090 293 1143 332 ad
1166 291 1268 334 littus
1291 293 1387 334 illud
1434 294 1497 333 die
1542 294 1710 349 quadam
1758 295 1889 351 appel-

1093 350 1188 391 leret
1229 351 1372 407 Ulysses
1398 381 1408 398 ‚
1439 354 1585 406 juvenis
1637 354 1890 410 generolitate

1089 413 1241 450 nemini
1265 409 1364 451 illius
1385 414 1503 451 aetatis
1519 410 1723 453 secundus:
1755 415 1891 453 versun

1090 470 1155 509 vix
1184 467 1204 508 ὲ
1224 472 1381 525 navigio
1413 484 1504 509 cum
1533 469 1639 524 socijs
1667 471 1716 510 ad
1748 484 1891 511 terram

1090 525 1340 567 descenderat
1363 545 1373 573 3
1406 530 1498 567 cum
1526 533 1642 568 ecce!
1699 528 1746 569 ab
1768 531 1891 569 atroci

1090 583 1161 624 illo
1177 583 1353 642 Cyclope
1404 584 1503 625 adeo
1550 585 1651 626 fuere
1685 590 1890 644 intercepti

1036 642 1039 647 “
1089 656 1229 682 omnes
1240 672 1250 688 ‚
1279 658 1320 684 ut
1331 643 1492 684 evadere
1508 643 1605 685 ultra
1617 645 1890 687 diffieillimum

1087 699 1281 741 videretur
1304 732 1315 747 ‚
1346 701 1518 743 hominis
1558 702 1670 743 ferini
1701 703 1846 744 rabiem
1878 730 1892 748 ‚

1088 758 1307 800 humanum
1337 759 1560 817 sanguinem
1579 762 1785 803 avidiffimc
1815 763 1891 804 siti-

1088 820 1200 858 entis.
1262 819 1372 875 Qd
1404 818 1496 875 ergo
1523 819 1832 876 ageretUlyss'es,
1863 822 1892 863 fi

1089 874 1251 931 praelens
1277 876 1440 918 evadere
1456 877 1572 919 vellet
1612 877 1634 919 a
1651 880 1891 921 voraciflimo

1086 935 1261 991 Gigante
1315 935 1529 991 periculum
1549 948 1559 976 .>
1600 938 1741 979 Audite
1769 943 1775 978 !
1817 942 1890 978 im-

1088 997 1196 1033 mani
1210 997 1392 1050 propinat
1407 994 1582 1036 monstro
1594 999 1673 1036 vini
1686 996 1890 1052 generosis-

1087 1051 1171 1092 fimi
1192 1051 1400 1108 poculum,
1432 1054 1535 1107 cujus
1574 1053 1708 1095 haustu
1749 1054 1892 1111 sopitus

1087 1111 1210 1166 Gigas
1231 1139 1242 1156 ‚
1274 1126 1367 1152 mox
1386 1111 1495 1152 humi
1521 1111 1712 1168 resupinus
1735 1114 1890 1155 stertere

1088 1168 1319 1225 cogebatur:
1349 1185 1468 1224 quam
1482 1171 1725 1212 occasionem
1744 1172 1809 1213 sibi
1823 1189 1889 1213 ex*-

1088 1227 1362 1283 optatiffimam
1374 1228 1450 1269 fine
1462 1229 1572 1270 mora
1583 1233 1765 1286 arripiens
1780 1231 1889 1287 ulyiss

1085 1283 1138 1325 ses
1168 1314 1179 1332 ‚
1211 1286 1397 1342 Cyclopis
1434 1287 1634 1328 rhonchos
1675 1293 1889 1331 emittentis

1085 1342 1244 1384 oculum
1259 1372 1270 1389 ‚
1302 1359 1419 1398 quem
1438 1361 1560 1386 unum
1571 1346 1741 1387 habebat
1756 1377 1766 1393 ‚
1799 1363 1889 1390 acu-

1086 1414 1130 1441 to
1156 1399 1282 1456 stipite
1314 1401 1450 1443 effodit
1472 1433 1482 1449 ,
1527 1405 1651 1459 ficc'lue
1680 1407 1889 1449 exoculato

1084 1457 1250 1499 feliciter
1267 1462 1438 1516 Gigante
1456 1491 1465 1506 ,
1497 1465 1618 1503 victor
1648 1478 1736 1504 cum
1760 1464 1828 1505 luis
1840 1467 1890 1507 ad

1083 1520 1216 1558 navim
1252 1517 1416 1559 reversus
1433 1519 1496 1560 est.
1541 1522 1709 1561 Homerus
1725 1522 1895 1581 lo.01{yffi

1081 1576 1230 1617 Servius.
1248 1577 1363 1633 Wrgil.
1388 1584 1454 1620 &a
1848 1576 1855 1581 ⁷

1168 1635 1439 1676 Formidabilis
1450 1635 1514 1676 ille
1534 1650 1787 1679 tartareorum
1810 1641 1891 1697 Cy-

1088 1690 1250 1749 clopum
1261 1694 1528 1751 antesignanus
1538 1696 1701 1740 Lucifer,
1716 1713 1777 1738 eas
1792 1699 1892 1739 infe·

1087 1753 1197 1792 rioris
1217 1766 1324 1794 terrae
1340 1767 1464 1810 partes
1481 1753 1758 1810 incolens‚quae
1769 1755 1890 1814 longe

1087 1811 1248 1864 majori,
1280 1827 1400 1866 quam
1431 1814 1558 1854 AEtna
1587 1815 1708 1854 Mons
1735 1844 1744 1861 ‚
1776 1814 1888 1856 flam-

1087 1883 1240 1910 marum
1287 1870 1571 1928 sulphurearum
1626 1874 1886 1927 ejectamento

1086 1926 1327 1970 horrendum
1376 1929 1608 1971 illustrantur
1638 1960 1648 1977 ,
1698 1933 1887 1972 voraciss-

1088 2001 1198 2028 mum
1223 1991 1355 2043 utique
1372 1989 1590 2030 monstrum
1619 1988 1654 2029 se
1682 1991 1880 2038 exhibuit,

1088 2044 1183 2086 dum
1204 2060 1497 2104 protoparentes
1509 2047 1681 2092 nostros,
1715 2064 1805 2089 cum
1823 2063 1884 2090 to-

1087 2103 1127 2144 ta
1152 2104 1309 2146 illorum
1345 2106 1471 2147 futura
1506 2110 1716 2163 progenie,
1749 2108 1885 2149 orcinz‘i
1936 2107 1939 2110 ”

1085 2166 1236 2219 prorsus
1247 2163 1440 2211 barbarie,
1471 2168 1510 2204 in
1532 2164 1662 2205 anima
1684 2171 1883 2213 enecavit,

1084 2220 1225 2277 vixque
1242 2238 1477 2280 conceptum
1490 2224 1694 2264 hominem
1715 2255 1726 2271 ‚
1757 2229 1883 2280 primo

1083 2279 1210 2321 statim
1241 2286 1426 2337 temporis
1458 2297 1665 2323 momento
1688 2311 1697 2328 ,
1743 2283 1808 2324 sibi
1839 2288 1881 2325 in

1082 2340 1253 2395 praetlam
1265 2340 1416 2382 abstulit
1428 2369 1437 2387 ,
1466 2346 1505 2382 ὃ(
1518 2344 1733 2381 etiamnum
1747 2342 1878 2383 aufert.

1083 2401 1204 2441 Venit
1233 2413 1364 2440 autem
1398 2403 1437 2439 in
1459 2400 1653 2440 mundum
1673 2400 1779 2441 hunc
1808 2405 1881 2441 im-

1081 2457 1276 2499 mundum
1300 2462 1423 2516 Virgo
1454 2459 1633 2512 quaedam
1674 2460 1876 2515 puriffima,

1081 2517 1248 2556 MARIA:
1282 2518 1381 2558 Haec
1403 2516 1572 2572 Ulyllem
1596 2517 1705 2558 illum
1741 2517 1880 2573 sagaci-

1081 2587 1158 2614 tate
1179 2574 1306 2622 simul,
1339 2591 1382 2616 ac
1401 2576 1627 2617 fortitudine
1643 2580 1879 2619 immensiun

1079 2631 1257 2688 superans
1274 2663 1284 2680 ,
1317 2648 1357 2675 ut
1381 2634 1449 2675 sele
1462 2634 1483 2674 ὸ
1498 2638 1678 2690 proximo
1692 2634 1876 2690 periculo,

1079 2690 1133 2731 ob
1154 2692 1329 2733 debitum
1355 2693 1635 2735 contrahendae
1654 2693 1878 2734 communis

1078 2748 1173 2791 labis
1189 2754 1376 2807 eriperet,
1408 2766 1574 2792 tartareo
1597 2750 1653 2791 illi
1682 2750 1877 2808 Polyphe-

1078 2823 1170 2855 mo,
1203 2823 1263 2851 tot
1284 2812 1362 2864 jam
1380 2809 1561 2866 stragibus
1592 2809 1774 2864 fatigato,
1807 2825 1879 2866 po·-

1078 2867 1208 2908 culum
1249 2868 1422 2908 exhibuit
1445 2867 1712 2923 generoliffimi
1753 2871 1833 2909 vini
1861 2894 1876 2916 -‚

1077 2926 1207 2965 calicem
1225 2929 1409 2966 nimirum
1422 2926 1595 2979 salutaris,
1632 2940 1748 2979 quem
1775 2926 1875 2967 bibis

1076 2997 1179 3024 turus
1200 2998 1281 3024 erat
1297 2984 1408 3024 Filius
1434 2999 1479 3023 ex
1508 2982 1542 3023 le
1565 2983 1769 3024 nasciturus
1784 3013 1795 3031 ,
1832 2986 1874 3027 id

1075 3041 1129 3081 est
1140 3068 1150 3083 ,
1183 3042 1469 3082 Sacratiffimam
1482 3041 1624 3082 Christi
1636 3042 1847 3084 Paffionem
1858 3072 1871 3091 ,

1076 3114 1121 3139 ac
1134 3102 1330 3142 Mortem,
1360 3115 1430 3155 pro
1453 3099 1679 3140 omnibusin
1695 3102 1873 3158 redemp-

1075 3160 1246 3202 tionem,
1278 3172 1350 3214 pro
1371 3157 1405 3199 le
1426 3173 1555 3200 autem
1577 3162 1618 3199 in
1644 3161 1872 3215 praeservati-

1133 3216 1162 3254 E
1176 3231 1196 3254 e
1227 3232 1244 3255 z
1722 3233 1843 3260 onem
