<?xml version="1.0" encoding="UTF-8"?>
<!DOCTYPE html PUBLIC "-//W3C//DTD XHTML 1.0 Transitional//EN"
    "http://www.w3.org/TR/xhtml1/DTD/xhtml1-transitional.dtd">
<html xmlns="http://www.w3.org/1999/xhtml" xml:lang="en" lang="en">
 <head>
  <title>
</title>
<meta http-equiv="Content-Type" content="text/html;charset=utf-8" />
  <meta name='ocr-system' content='tesseract 3.04.00' />
  <meta name='ocr-capabilities' content='ocr_page ocr_carea ocr_par ocr_line ocrx_word'/>
</head>
<body>
  <div class='ocr_page' id='page_1' title='image "./conceptvschronog00zolle_0035.png"; bbox 0 0 2169 3496; ppageno 0'>
   <div class='ocr_carea' id='block_1_1' title="bbox 147 119 1882 209">
    <p class='ocr_par' dir='ltr' id='par_1_1' title="bbox 147 119 1882 209">
     <span class='ocr_line' id='line_1_1' title="bbox 147 119 1882 209; baseline 0.006 -28"><span class='ocrx_word' id='word_1_1' title='bbox 147 119 571 202; x_wconf 82' lang='lat' dir='ltr'>Antiquitatum,</span> <span class='ocrx_word' id='word_1_2' title='bbox 581 139 694 184; x_wconf 89' lang='lat' dir='ltr'>tum</span> <span class='ocrx_word' id='word_1_3' title='bbox 710 141 779 184; x_wconf 86' lang='lat' dir='ltr'>ex</span> <span class='ocrx_word' id='word_1_4' title='bbox 801 120 1186 198; x_wconf 71' lang='lat' dir='ltr'>HistorijS‚tum</span> <span class='ocrx_word' id='word_1_5' title='bbox 1197 123 1226 184; x_wconf 83' lang='grc' dir='ltr'>ὲ</span> <span class='ocrx_word' id='word_1_6' title='bbox 1238 122 1448 186; x_wconf 87' lang='lat' dir='ltr'>Fabulis</span> <span class='ocrx_word' id='word_1_7' title='bbox 1461 126 1882 209; x_wconf 87' lang='lat' dir='ltr'>petitarum,&amp;c.</span> 
     </span>
    </p>
   </div>
   <div class='ocr_carea' id='block_1_2' title="bbox 84 221 997 2593">
    <p class='ocr_par' dir='ltr' id='par_1_2' title="bbox 147 221 990 320">
     <span class='ocr_line' id='line_1_2' title="bbox 147 221 990 269; baseline 0.004 -11"><span class='ocrx_word' id='word_1_8' title='bbox 147 222 190 259; x_wconf 85' lang='lat' dir='ltr'>tis</span> <span class='ocrx_word' id='word_1_9' title='bbox 206 221 378 258; x_wconf 83' lang='lat' dir='ltr'>Thebanae</span> <span class='ocrx_word' id='word_1_10' title='bbox 392 246 402 265; x_wconf 90' lang='lat'>,</span> <span class='ocrx_word' id='word_1_11' title='bbox 427 222 510 269; x_wconf 82' lang='lat' dir='ltr'>juffu</span> <span class='ocrx_word' id='word_1_12' title='bbox 531 225 714 262; x_wconf 81' lang='lat' dir='ltr'>Alexandri</span> <span class='ocrx_word' id='word_1_13' title='bbox 728 227 778 263; x_wconf 87' lang='lat' dir='ltr'>M.</span> <span class='ocrx_word' id='word_1_14' title='bbox 804 224 990 261; x_wconf 77' lang='lat' dir='ltr'>reservamt.</span> 
     </span>
     <span class='ocr_line' id='line_1_3' title="bbox 147 275 403 320; baseline 0 -11"><span class='ocrx_word' id='word_1_15' title='bbox 147 275 324 320; x_wconf 76' lang='lat' dir='ltr'>Antiquitas</span> <span class='ocrx_word' id='word_1_16' title='bbox 345 284 403 309; x_wconf 78' lang='lat'>22.</span> 
     </span>
    </p>

    <p class='ocr_par' dir='ltr' id='par_1_3' title="bbox 101 320 997 469">
     <span class='ocr_line' id='line_1_4' title="bbox 101 320 996 370; baseline 0.001 -13"><span class='ocrx_word' id='word_1_17' title='bbox 101 330 158 366; x_wconf 79' lang='lat'>73.</span> <span class='ocrx_word' id='word_1_18' title='bbox 184 321 273 357; x_wconf 85' lang='lat' dir='ltr'>Plato</span> <span class='ocrx_word' id='word_1_19' title='bbox 304 321 481 369; x_wconf 87' lang='lat' dir='ltr'>discipulos</span> <span class='ocrx_word' id='word_1_20' title='bbox 496 322 589 366; x_wconf 83' lang='lat' dir='ltr'>suos,</span> <span class='ocrx_word' id='word_1_21' title='bbox 608 322 774 358; x_wconf 82' lang='lat' dir='ltr'>mediante</span> <span class='ocrx_word' id='word_1_22' title='bbox 790 321 934 370; x_wconf 90' lang='lat' dir='ltr'>speculo,</span> <span class='ocrx_word' id='word_1_23' title='bbox 955 320 996 358; x_wconf 85' lang='lat' dir='ltr'>ad</span> 
     </span>
     <span class='ocr_line' id='line_1_5' title="bbox 146 371 997 421; baseline 0.005 -17"><span class='ocrx_word' id='word_1_24' title='bbox 146 381 262 405; x_wconf 80' lang='lat' dir='ltr'>omnes</span> <span class='ocrx_word' id='word_1_25' title='bbox 271 371 376 405; x_wconf 89' lang='lat' dir='ltr'>bonos</span> <span class='ocrx_word' id='word_1_26' title='bbox 388 385 495 408; x_wconf 86' lang='lat' dir='ltr'>mores</span> <span class='ocrx_word' id='word_1_27' title='bbox 505 371 741 421; x_wconf 81' lang='lat' dir='ltr'>comparandos</span> <span class='ocrx_word' id='word_1_28' title='bbox 755 372 894 408; x_wconf 87' lang='lat' dir='ltr'>instruit.</span> <span class='ocrx_word' id='word_1_29' title='bbox 931 375 997 408; x_wconf 82' lang='lat' dir='ltr'>An·</span> 
     </span>
     <span class='ocr_line' id='line_1_6' title="bbox 145 422 347 469; baseline 0 -15"><span class='ocrx_word' id='word_1_30' title='bbox 145 422 271 469; x_wconf 86' lang='lat' dir='ltr'>tiquitas</span> <span class='ocrx_word' id='word_1_31' title='bbox 290 432 347 468; x_wconf 86' lang='lat'>74.</span> 
     </span>
    </p>

    <p class='ocr_par' dir='ltr' id='par_1_4' title="bbox 98 465 997 716">
     <span class='ocr_line' id='line_1_7' title="bbox 98 465 997 519; baseline -0.002 -15"><span class='ocrx_word' id='word_1_32' title='bbox 98 483 157 519; x_wconf 81' lang='lat'>74.</span> <span class='ocrx_word' id='word_1_33' title='bbox 185 469 276 509; x_wconf 78' lang='lat' dir='ltr'>idem,</span> <span class='ocrx_word' id='word_1_34' title='bbox 289 469 380 510; x_wconf 55' lang='lat' dir='ltr'>‚uxta</span> <span class='ocrx_word' id='word_1_35' title='bbox 390 466 855 519; x_wconf 71' lang='lat' dir='ltr'>Legemffiginenfium,morti</span> <span class='ocrx_word' id='word_1_36' title='bbox 865 465 997 504; x_wconf 88' lang='lat' dir='ltr'>traden-</span> 
     </span>
     <span class='ocr_line' id='line_1_8' title="bbox 144 517 994 567; baseline -0.002 -13"><span class='ocrx_word' id='word_1_37' title='bbox 144 517 206 554; x_wconf 84' lang='lat' dir='ltr'>dus</span> <span class='ocrx_word' id='word_1_38' title='bbox 217 518 407 559; x_wconf 75' lang='lat' dir='ltr'>absolvitur,</span> <span class='ocrx_word' id='word_1_39' title='bbox 417 522 550 567; x_wconf 72' lang='lat' dir='ltr'>eoquod</span> <span class='ocrx_word' id='word_1_40' title='bbox 560 521 629 555; x_wconf 81' lang='lat' dir='ltr'>haec</span> <span class='ocrx_word' id='word_1_41' title='bbox 642 521 711 554; x_wconf 87' lang='lat' dir='ltr'>Lex</span> <span class='ocrx_word' id='word_1_42' title='bbox 723 519 851 554; x_wconf 73' lang='lat' dir='ltr'>tanturn</span> <span class='ocrx_word' id='word_1_43' title='bbox 863 530 924 566; x_wconf 87' lang='lat' dir='ltr'>pro</span> <span class='ocrx_word' id='word_1_44' title='bbox 935 517 994 552; x_wconf 83' lang='lat' dir='ltr'>ho-</span> 
     </span>
     <span class='ocr_line' id='line_1_9' title="bbox 146 565 995 617; baseline 0 -15"><span class='ocrx_word' id='word_1_45' title='bbox 146 566 306 608; x_wconf 80' lang='lat' dir='ltr'>minibus,</span> <span class='ocrx_word' id='word_1_46' title='bbox 323 581 389 603; x_wconf 85' lang='lat' dir='ltr'>non</span> <span class='ocrx_word' id='word_1_47' title='bbox 402 582 462 617; x_wconf 88' lang='lat' dir='ltr'>pro</span> <span class='ocrx_word' id='word_1_48' title='bbox 471 567 689 614; x_wconf 84' lang='lat' dir='ltr'>Philosophis‚</span> <span class='ocrx_word' id='word_1_49' title='bbox 701 571 755 615; x_wconf 89' lang='lat' dir='ltr'>qui</span> <span class='ocrx_word' id='word_1_50' title='bbox 767 565 995 604; x_wconf 84' lang='lat' dir='ltr'>rnediaeeffent</span> 
     </span>
     <span class='ocr_line' id='line_1_10' title="bbox 145 615 990 660; baseline -0.002 -6"><span class='ocrx_word' id='word_1_51' title='bbox 145 618 231 654; x_wconf 84' lang='lat' dir='ltr'>inter</span> <span class='ocrx_word' id='word_1_52' title='bbox 240 619 350 654; x_wconf 87' lang='lat' dir='ltr'>Deum</span> <span class='ocrx_word' id='word_1_53' title='bbox 365 622 399 656; x_wconf 65' lang='grc' dir='ltr'>ὅ(</span> <span class='ocrx_word' id='word_1_54' title='bbox 411 617 565 654; x_wconf 81' lang='lat' dir='ltr'>homines</span> <span class='ocrx_word' id='word_1_55' title='bbox 575 630 714 660; x_wconf 74' lang='lat' dir='ltr'>natutae,</span> <span class='ocrx_word' id='word_1_56' title='bbox 729 617 796 654; x_wconf 80' lang='lat' dir='ltr'>lata</span> <span class='ocrx_word' id='word_1_57' title='bbox 807 615 895 653; x_wconf 80' lang='lat' dir='ltr'>effet-</span> <span class='ocrx_word' id='word_1_58' title='bbox 921 619 990 654; x_wconf 85' lang='lat' dir='ltr'>An·</span> 
     </span>
     <span class='ocr_line' id='line_1_11' title="bbox 145 667 343 716; baseline -0.015 -15"><span class='ocrx_word' id='word_1_59' title='bbox 145 667 270 715; x_wconf 85' lang='lat' dir='ltr'>tiquitas</span> <span class='ocrx_word' id='word_1_60' title='bbox 289 674 343 716; x_wconf 82' lang='lat'>87.</span> 
     </span>
    </p>

    <p class='ocr_par' dir='ltr' id='par_1_5' title="bbox 96 710 996 814">
     <span class='ocr_line' id='line_1_12' title="bbox 96 710 996 767; baseline 0.002 -15"><span class='ocrx_word' id='word_1_61' title='bbox 96 730 118 764; x_wconf 93' lang='lat'><em>7</em></span> <span class='ocrx_word' id='word_1_62' title='bbox 122 731 157 767; x_wconf 80' lang='lat'>5.</span> <span class='ocrx_word' id='word_1_63' title='bbox 183 719 343 765; x_wconf 80' lang='lat' dir='ltr'>Pompeius</span> <span class='ocrx_word' id='word_1_64' title='bbox 352 718 472 752; x_wconf 88' lang='lat' dir='ltr'>Atticus</span> <span class='ocrx_word' id='word_1_65' title='bbox 486 710 666 762; x_wconf 85' lang='lat' dir='ltr'>gloriatur,</span> <span class='ocrx_word' id='word_1_66' title='bbox 694 713 724 750; x_wconf 91' lang='lat' dir='ltr'>se</span> <span class='ocrx_word' id='word_1_67' title='bbox 734 727 904 763; x_wconf 81' lang='lat' dir='ltr'>nunquam</span> <span class='ocrx_word' id='word_1_68' title='bbox 918 728 996 754; x_wconf 88' lang='lat' dir='ltr'>cum</span> 
     </span>
     <span class='ocr_line' id='line_1_13' title="bbox 148 763 893 814; baseline 0.001 -13"><span class='ocrx_word' id='word_1_69' title='bbox 148 766 300 801; x_wconf 86' lang='lat' dir='ltr'>Matrein</span> <span class='ocrx_word' id='word_1_70' title='bbox 313 766 451 814; x_wconf 83' lang='lat' dir='ltr'>gratiam</span> <span class='ocrx_word' id='word_1_71' title='bbox 460 763 595 807; x_wconf 84' lang='lat' dir='ltr'>redijffe.</span> <span class='ocrx_word' id='word_1_72' title='bbox 645 767 825 814; x_wconf 79' lang='lat' dir='ltr'>Antiquitas</span> <span class='ocrx_word' id='word_1_73' title='bbox 839 779 893 811; x_wconf 69' lang='grc' dir='ltr'><strong><em>ιε).</em></strong></span> 
     </span>
    </p>

    <p class='ocr_par' dir='ltr' id='par_1_6' title="bbox 98 813 996 962">
     <span class='ocr_line' id='line_1_14' title="bbox 98 813 996 866; baseline 0 -15"><span class='ocrx_word' id='word_1_74' title='bbox 98 821 158 866; x_wconf 80' lang='lat'>76.</span> <span class='ocrx_word' id='word_1_75' title='bbox 184 817 360 864; x_wconf 83' lang='lat' dir='ltr'>Protogenis</span> <span class='ocrx_word' id='word_1_76' title='bbox 370 815 522 861; x_wconf 75' lang='lat' dir='ltr'>imagini,</span> <span class='ocrx_word' id='word_1_77' title='bbox 538 826 580 849; x_wconf 88' lang='lat' dir='ltr'>ex</span> <span class='ocrx_word' id='word_1_78' title='bbox 590 813 723 861; x_wconf 85' lang='lat' dir='ltr'>Apellis</span> <span class='ocrx_word' id='word_1_79' title='bbox 736 813 846 857; x_wconf 77' lang='lat' dir='ltr'>effato,</span> <span class='ocrx_word' id='word_1_80' title='bbox 856 815 925 852; x_wconf 83' lang='lat' dir='ltr'>sola</span> <span class='ocrx_word' id='word_1_81' title='bbox 937 814 996 851; x_wconf 88' lang='lat' dir='ltr'>de·</span> 
     </span>
     <span class='ocr_line' id='line_1_15' title="bbox 147 861 996 912; baseline 0.001 -13"><span class='ocrx_word' id='word_1_82' title='bbox 147 862 192 899; x_wconf 88' lang='lat' dir='ltr'>est</span> <span class='ocrx_word' id='word_1_83' title='bbox 198 867 313 912; x_wconf 78' lang='lat' dir='ltr'>gratia,</span> <span class='ocrx_word' id='word_1_84' title='bbox 327 863 380 900; x_wconf 90' lang='lat' dir='ltr'>seu</span> <span class='ocrx_word' id='word_1_85' title='bbox 392 866 472 904; x_wconf 75' lang='lat' dir='ltr'>vita,</span> <span class='ocrx_word' id='word_1_86' title='bbox 489 875 589 910; x_wconf 79' lang='lat' dir='ltr'>quam</span> <span class='ocrx_word' id='word_1_87' title='bbox 602 861 623 899; x_wconf 84' lang='lat' dir='ltr'>fi</span> <span class='ocrx_word' id='word_1_88' title='bbox 636 863 779 906; x_wconf 80' lang='lat' dir='ltr'>habetet,</span> <span class='ocrx_word' id='word_1_89' title='bbox 795 865 996 902; x_wconf 86' lang='lat' dir='ltr'>immortalis</span> 
     </span>
     <span class='ocr_line' id='line_1_16' title="bbox 147 914 608 962; baseline -0.007 -13"><span class='ocrx_word' id='word_1_90' title='bbox 147 914 307 949; x_wconf 83' lang='lat' dir='ltr'>existeret.</span> <span class='ocrx_word' id='word_1_91' title='bbox 353 915 533 962; x_wconf 79' lang='lat' dir='ltr'>Antiquitas</span> <span class='ocrx_word' id='word_1_92' title='bbox 554 924 608 957; x_wconf 77' lang='lat'>34.</span> 
     </span>
    </p>

    <p class='ocr_par' dir='ltr' id='par_1_7' title="bbox 94 958 996 1208">
     <span class='ocr_line' id='line_1_17' title="bbox 98 958 994 1011; baseline -0.001 -12"><span class='ocrx_word' id='word_1_93' title='bbox 98 978 158 1011; x_wconf 82' lang='lat'>77.</span> <span class='ocrx_word' id='word_1_94' title='bbox 183 962 264 999; x_wconf 80' lang='lat' dir='ltr'>Idem</span> <span class='ocrx_word' id='word_1_95' title='bbox 278 973 320 996; x_wconf 89' lang='lat' dir='ltr'>ex</span> <span class='ocrx_word' id='word_1_96' title='bbox 338 959 539 998; x_wconf 70' lang='lat' dir='ltr'>subtilissima</span> <span class='ocrx_word' id='word_1_97' title='bbox 556 963 661 1003; x_wconf 64' lang='lat' dir='ltr'>linea,</span> <span class='ocrx_word' id='word_1_98' title='bbox 674 958 788 998; x_wconf 87' lang='lat' dir='ltr'>Rhodi</span> <span class='ocrx_word' id='word_1_99' title='bbox 799 961 994 1010; x_wconf 67' lang='lat' dir='ltr'>conspefflit,</span> 
     </span>
     <span class='ocr_line' id='line_1_18' title="bbox 145 1011 944 1062; baseline 0.004 -17"><span class='ocrx_word' id='word_1_100' title='bbox 145 1011 270 1062; x_wconf 78' lang='lat' dir='ltr'>Apellis</span> <span class='ocrx_word' id='word_1_101' title='bbox 281 1011 488 1057; x_wconf 61' lang='lat' dir='ltr'>poententiam</span> <span class='ocrx_word' id='word_1_102' title='bbox 496 1013 643 1053; x_wconf 76' lang='lat' dir='ltr'>coniicit.</span> <span class='ocrx_word' id='word_1_103' title='bbox 693 1014 873 1061; x_wconf 75' lang='lat' dir='ltr'>Antiquitas</span> <span class='ocrx_word' id='word_1_104' title='bbox 886 1023 906 1057; x_wconf 86' lang='lat'>5</span> <span class='ocrx_word' id='word_1_105' title='bbox 914 1022 944 1058; x_wconf 86' lang='lat'>3.</span> 
     </span>
     <span class='ocr_line' id='line_1_19' title="bbox 94 1059 993 1111; baseline -0.004 -11"><span class='ocrx_word' id='word_1_106' title='bbox 94 1065 151 1111; x_wconf 85' lang='lat'>78.</span> <span class='ocrx_word' id='word_1_107' title='bbox 176 1059 305 1104; x_wconf 79' lang='lat' dir='ltr'>Ramises</span> <span class='ocrx_word' id='word_1_108' title='bbox 322 1061 496 1109; x_wconf 83' lang='lat' dir='ltr'>ingentem</span> <span class='ocrx_word' id='word_1_109' title='bbox 509 1061 689 1097; x_wconf 82' lang='lat' dir='ltr'>obeliscum</span> <span class='ocrx_word' id='word_1_110' title='bbox 699 1063 780 1109; x_wconf 88' lang='lat' dir='ltr'>erigi</span> <span class='ocrx_word' id='word_1_111' title='bbox 795 1073 905 1102; x_wconf 81' lang='lat' dir='ltr'>curat,</span> <span class='ocrx_word' id='word_1_112' title='bbox 939 1060 993 1097; x_wconf 85' lang='lat' dir='ltr'>cui</span> 
     </span>
     <span class='ocr_line' id='line_1_20' title="bbox 141 1109 995 1161; baseline -0.004 -12"><span class='ocrx_word' id='word_1_113' title='bbox 141 1109 290 1161; x_wconf 71' lang='lat' dir='ltr'>pretiosae</span> <span class='ocrx_word' id='word_1_114' title='bbox 311 1111 393 1146; x_wconf 87' lang='lat' dir='ltr'>moli</span> <span class='ocrx_word' id='word_1_115' title='bbox 410 1113 429 1157; x_wconf 89' lang='lat'>(</span> <span class='ocrx_word' id='word_1_116' title='bbox 438 1111 534 1146; x_wconf 73' lang='lat' dir='ltr'>omni</span> <span class='ocrx_word' id='word_1_117' title='bbox 560 1109 688 1158; x_wconf 66' lang='lat' dir='ltr'>reliqua</span> <span class='ocrx_word' id='word_1_118' title='bbox 703 1111 791 1146; x_wconf 86' lang='lat' dir='ltr'>Urbe</span> <span class='ocrx_word' id='word_1_119' title='bbox 820 1112 853 1146; x_wconf 92' lang='lat' dir='ltr'>in</span> <span class='ocrx_word' id='word_1_120' title='bbox 868 1112 995 1147; x_wconf 76' lang='lat' dir='ltr'>cinere·</span> 
     </span>
     <span class='ocr_line' id='line_1_21' title="bbox 142 1159 996 1208; baseline -0.004 -9"><span class='ocrx_word' id='word_1_121' title='bbox 142 1161 288 1204; x_wconf 65' lang='lat' dir='ltr'>redacta)</span> <span class='ocrx_word' id='word_1_122' title='bbox 296 1160 476 1208; x_wconf 86' lang='lat' dir='ltr'>Cambyses</span> <span class='ocrx_word' id='word_1_123' title='bbox 489 1160 654 1196; x_wconf 73' lang='lat' dir='ltr'>Persarum</span> <span class='ocrx_word' id='word_1_124' title='bbox 666 1163 739 1195; x_wconf 85' lang='lat' dir='ltr'>Rex</span> <span class='ocrx_word' id='word_1_125' title='bbox 752 1160 885 1198; x_wconf 85' lang='lat' dir='ltr'>nullum</span> <span class='ocrx_word' id='word_1_126' title='bbox 899 1159 996 1196; x_wconf 79' lang='lat' dir='ltr'>dam·</span> 
     </span>
    </p>

    <p class='ocr_par' dir='ltr' id='par_1_8' title="bbox 141 1210 661 1258">
     <span class='ocr_line' id='line_1_22' title="bbox 141 1210 661 1258; baseline -0.006 -11"><span class='ocrx_word' id='word_1_127' title='bbox 141 1210 358 1249; x_wconf 69' lang='lat' dir='ltr'>numinculit.</span> <span class='ocrx_word' id='word_1_128' title='bbox 408 1213 588 1258; x_wconf 76' lang='lat' dir='ltr'>Antiquitas</span> <span class='ocrx_word' id='word_1_129' title='bbox 606 1217 661 1254; x_wconf 82' lang='lat'>85.</span> 
     </span>
    </p>

    <p class='ocr_par' dir='ltr' id='par_1_9' title="bbox 92 1257 995 1410">
     <span class='ocr_line' id='line_1_23' title="bbox 92 1257 995 1309; baseline -0.003 -10"><span class='ocrx_word' id='word_1_130' title='bbox 92 1271 151 1308; x_wconf 84' lang='lat'>79.</span> <span class='ocrx_word' id='word_1_131' title='bbox 178 1260 328 1309; x_wconf 75' lang='lat' dir='ltr'>Rodopeae</span> <span class='ocrx_word' id='word_1_132' title='bbox 336 1257 463 1295; x_wconf 84' lang='lat' dir='ltr'>calceus</span> <span class='ocrx_word' id='word_1_133' title='bbox 478 1258 637 1306; x_wconf 79' lang='lat' dir='ltr'>speciosus</span> <span class='ocrx_word' id='word_1_134' title='bbox 646 1258 687 1294; x_wconf 86' lang='lat' dir='ltr'>ab</span> <span class='ocrx_word' id='word_1_135' title='bbox 698 1258 825 1305; x_wconf 62' lang='lat' dir='ltr'>Aquila</span> <span class='ocrx_word' id='word_1_136' title='bbox 842 1258 883 1295; x_wconf 87' lang='lat' dir='ltr'>ad</span> <span class='ocrx_word' id='word_1_137' title='bbox 895 1258 995 1307; x_wconf 77' lang='lat' dir='ltr'>pedes</span> 
     </span>
     <span class='ocr_line' id='line_1_24' title="bbox 139 1310 993 1358; baseline -0.001 -11"><span class='ocrx_word' id='word_1_138' title='bbox 139 1313 262 1358; x_wconf 82' lang='lat' dir='ltr'>Regios</span> <span class='ocrx_word' id='word_1_139' title='bbox 281 1310 409 1345; x_wconf 74' lang='lat' dir='ltr'>delatus</span> <span class='ocrx_word' id='word_1_140' title='bbox 427 1331 439 1350; x_wconf 86' lang='lat'>,</span> <span class='ocrx_word' id='word_1_141' title='bbox 471 1310 604 1356; x_wconf 76' lang='lat' dir='ltr'>nuptias</span> <span class='ocrx_word' id='word_1_142' title='bbox 618 1320 695 1344; x_wconf 86' lang='lat' dir='ltr'>cum</span> <span class='ocrx_word' id='word_1_143' title='bbox 714 1311 804 1355; x_wconf 87' lang='lat' dir='ltr'>Rege</span> <span class='ocrx_word' id='word_1_144' title='bbox 824 1310 993 1346; x_wconf 82' lang='lat' dir='ltr'>conciliat.</span> 
     </span>
     <span class='ocr_line' id='line_1_25' title="bbox 140 1361 799 1410; baseline -0.009 -13"><span class='ocrx_word' id='word_1_145' title='bbox 140 1361 318 1410; x_wconf 75' lang='lat' dir='ltr'>Antiquitas</span> <span class='ocrx_word' id='word_1_146' title='bbox 339 1369 357 1399; x_wconf 93' lang='lat'><em>7</em></span> <span class='ocrx_word' id='word_1_147' title='bbox 368 1369 397 1394; x_wconf 83' lang='lat' dir='ltr'>t.</span> <span class='ocrx_word' id='word_1_148' title='bbox 792 1403 799 1408; x_wconf 90' lang='lat'><strong><em>.</em></strong></span> 
     </span>
    </p>

    <p class='ocr_par' dir='ltr' id='par_1_10' title="bbox 94 1402 990 1502">
     <span class='ocr_line' id='line_1_26' title="bbox 94 1402 990 1451; baseline -0.004 -4"><span class='ocrx_word' id='word_1_149' title='bbox 94 1411 152 1447; x_wconf 81' lang='lat'>80.</span> <span class='ocrx_word' id='word_1_150' title='bbox 180 1408 324 1445; x_wconf 79' lang='lat' dir='ltr'>Romulus</span> <span class='ocrx_word' id='word_1_151' title='bbox 342 1404 386 1450; x_wconf 66' lang='lat'>83</span> <span class='ocrx_word' id='word_1_152' title='bbox 402 1410 510 1440; x_wconf 78' lang='lat' dir='ltr'>Remus</span> <span class='ocrx_word' id='word_1_153' title='bbox 531 1405 620 1451; x_wconf 83' lang='lat' dir='ltr'>turpi</span> <span class='ocrx_word' id='word_1_154' title='bbox 643 1402 824 1440; x_wconf 79' lang='lat' dir='ltr'>fratricidio</span> <span class='ocrx_word' id='word_1_155' title='bbox 854 1405 990 1443; x_wconf 81' lang='lat' dir='ltr'>exordia</span> 
     </span>
     <span class='ocr_line' id='line_1_27' title="bbox 142 1454 865 1502; baseline -0.008 -9"><span class='ocrx_word' id='word_1_156' title='bbox 142 1458 243 1496; x_wconf 81' lang='lat' dir='ltr'>Urbis</span> <span class='ocrx_word' id='word_1_157' title='bbox 252 1459 413 1492; x_wconf 81' lang='lat' dir='ltr'>Romanae</span> <span class='ocrx_word' id='word_1_158' title='bbox 426 1456 556 1490; x_wconf 85' lang='lat' dir='ltr'>vitiant.</span> <span class='ocrx_word' id='word_1_159' title='bbox 606 1454 792 1502; x_wconf 82' lang='lat' dir='ltr'>Antiquitas</span> <span class='ocrx_word' id='word_1_160' title='bbox 808 1466 865 1499; x_wconf 73' lang='lat'>44.</span> 
     </span>
    </p>

    <p class='ocr_par' dir='ltr' id='par_1_11' title="bbox 91 1501 997 1653">
     <span class='ocr_line' id='line_1_28' title="bbox 91 1501 997 1550; baseline -0.002 -7"><span class='ocrx_word' id='word_1_161' title='bbox 91 1509 112 1547; x_wconf 80' lang='lat'><em>8</em></span> <span class='ocrx_word' id='word_1_162' title='bbox 121 1520 151 1545; x_wconf 86' lang='lat' dir='ltr'>r.</span> <span class='ocrx_word' id='word_1_163' title='bbox 175 1509 216 1544; x_wconf 87' lang='grc' dir='ltr'><strong><em>Β.</em></strong></span> <span class='ocrx_word' id='word_1_164' title='bbox 228 1509 366 1549; x_wconf 66' lang='lat' dir='ltr'>Samson,</span> <span class='ocrx_word' id='word_1_165' title='bbox 387 1501 539 1540; x_wconf 83' lang='lat' dir='ltr'>Dolenlis</span> <span class='ocrx_word' id='word_1_166' title='bbox 551 1503 663 1539; x_wconf 89' lang='lat' dir='ltr'>Archi·</span> <span class='ocrx_word' id='word_1_167' title='bbox 674 1501 865 1550; x_wconf 73' lang='lat' dir='ltr'>Episcopus,</span> <span class='ocrx_word' id='word_1_168' title='bbox 880 1504 997 1541; x_wconf 83' lang='lat' dir='ltr'>draco·</span> 
     </span>
     <span class='ocr_line' id='line_1_29' title="bbox 143 1552 997 1604; baseline -0.006 -12"><span class='ocrx_word' id='word_1_169' title='bbox 143 1568 224 1593; x_wconf 87' lang='lat' dir='ltr'>nem</span> <span class='ocrx_word' id='word_1_170' title='bbox 240 1554 387 1604; x_wconf 80' lang='lat' dir='ltr'>primum</span> <span class='ocrx_word' id='word_1_171' title='bbox 399 1575 409 1594; x_wconf 87' lang='lat'>,</span> <span class='ocrx_word' id='word_1_172' title='bbox 429 1553 507 1589; x_wconf 89' lang='lat' dir='ltr'>dein</span> <span class='ocrx_word' id='word_1_173' title='bbox 521 1555 557 1591; x_wconf 76' lang='grc' dir='ltr'>δι</span> <span class='ocrx_word' id='word_1_174' title='bbox 573 1552 709 1589; x_wconf 85' lang='lat' dir='ltr'>leonem</span> <span class='ocrx_word' id='word_1_175' title='bbox 724 1554 843 1601; x_wconf 88' lang='lat' dir='ltr'>Regno</span> <span class='ocrx_word' id='word_1_176' title='bbox 862 1554 997 1603; x_wconf 86' lang='lat' dir='ltr'>proscri.</span> 
     </span>
     <span class='ocr_line' id='line_1_30' title="bbox 137 1606 506 1653; baseline -0.019 -9"><span class='ocrx_word' id='word_1_177' title='bbox 137 1606 202 1644; x_wconf 82' lang='lat' dir='ltr'>bit.</span> <span class='ocrx_word' id='word_1_178' title='bbox 252 1607 430 1653; x_wconf 78' lang='lat' dir='ltr'>Antiquitas</span> <span class='ocrx_word' id='word_1_179' title='bbox 451 1608 506 1640; x_wconf 82' lang='lat'>28.</span> 
     </span>
    </p>

    <p class='ocr_par' dir='ltr' id='par_1_12' title="bbox 90 1649 993 1804">
     <span class='ocr_line' id='line_1_31' title="bbox 90 1649 993 1704; baseline -0.006 -11"><span class='ocrx_word' id='word_1_180' title='bbox 90 1661 148 1702; x_wconf 79' lang='lat'>8²·</span> <span class='ocrx_word' id='word_1_181' title='bbox 168 1655 268 1704; x_wconf 78' lang='lat' dir='ltr'>Scipio</span> <span class='ocrx_word' id='word_1_182' title='bbox 283 1659 449 1693; x_wconf 82' lang='lat' dir='ltr'>Romanus,</span> <span class='ocrx_word' id='word_1_183' title='bbox 476 1663 648 1700; x_wconf 85' lang='lat' dir='ltr'>parentem</span> <span class='ocrx_word' id='word_1_184' title='bbox 665 1649 873 1689; x_wconf 79' lang='lat' dir='ltr'>Annibalem</span> <span class='ocrx_word' id='word_1_185' title='bbox 889 1650 993 1688; x_wconf 89' lang='lat' dir='ltr'>hosti-</span> 
     </span>
     <span class='ocr_line' id='line_1_32' title="bbox 137 1701 991 1751; baseline -0.001 -10"><span class='ocrx_word' id='word_1_186' title='bbox 137 1717 198 1744; x_wconf 86' lang='lat' dir='ltr'>um</span> <span class='ocrx_word' id='word_1_187' title='bbox 211 1703 365 1741; x_wconf 77' lang='lat' dir='ltr'>manibus</span> <span class='ocrx_word' id='word_1_188' title='bbox 381 1702 489 1744; x_wconf 83' lang='lat' dir='ltr'>solus,</span> <span class='ocrx_word' id='word_1_189' title='bbox 508 1705 546 1740; x_wconf 88' lang='lat'>&amp;</span> <span class='ocrx_word' id='word_1_190' title='bbox 577 1714 692 1738; x_wconf 82' lang='lat' dir='ltr'>unicus</span> <span class='ocrx_word' id='word_1_191' title='bbox 710 1701 859 1751; x_wconf 72' lang='lat' dir='ltr'>gloriose</span> <span class='ocrx_word' id='word_1_192' title='bbox 880 1703 991 1751; x_wconf 84' lang='lat' dir='ltr'>eripit.</span> 
     </span>
     <span class='ocr_line' id='line_1_33' title="bbox 138 1754 396 1804; baseline -0.012 -13"><span class='ocrx_word' id='word_1_193' title='bbox 138 1754 319 1804; x_wconf 76' lang='lat' dir='ltr'>Antiquitas</span> <span class='ocrx_word' id='word_1_194' title='bbox 339 1757 396 1799; x_wconf 89' lang='lat'>56.</span> 
     </span>
    </p>

    <p class='ocr_par' dir='ltr' id='par_1_13' title="bbox 89 1796 993 2001">
     <span class='ocr_line' id='line_1_34' title="bbox 91 1796 990 1853; baseline -0.002 -14"><span class='ocrx_word' id='word_1_195' title='bbox 91 1809 153 1853; x_wconf 68' lang='lat'>83,</span> <span class='ocrx_word' id='word_1_196' title='bbox 180 1800 307 1852; x_wconf 53' lang='lat' dir='ltr'>Scytha,</span> <span class='ocrx_word' id='word_1_197' title='bbox 315 1803 477 1851; x_wconf 83' lang='lat' dir='ltr'>fugientes</span> <span class='ocrx_word' id='word_1_198' title='bbox 487 1798 593 1836; x_wconf 50' lang='lat' dir='ltr'>&amp;facie</span> <span class='ocrx_word' id='word_1_199' title='bbox 604 1801 694 1844; x_wconf 73' lang='lat' dir='ltr'>Darii</span> <span class='ocrx_word' id='word_1_200' title='bbox 704 1798 862 1850; x_wconf 72' lang='lat' dir='ltr'>Regis‚ad</span> <span class='ocrx_word' id='word_1_201' title='bbox 879 1796 990 1849; x_wconf 84' lang='lat' dir='ltr'>sepul·</span> 
     </span>
     <span class='ocr_line' id='line_1_35' title="bbox 138 1848 934 1898; baseline -0.006 -7"><span class='ocrx_word' id='word_1_202' title='bbox 138 1853 216 1891; x_wconf 84' lang='lat' dir='ltr'>chra</span> <span class='ocrx_word' id='word_1_203' title='bbox 226 1856 399 1888; x_wconf 80' lang='lat' dir='ltr'>Parentum</span> <span class='ocrx_word' id='word_1_204' title='bbox 409 1848 440 1887; x_wconf 92' lang='lat' dir='ltr'>se</span> <span class='ocrx_word' id='word_1_205' title='bbox 449 1851 624 1898; x_wconf 81' lang='lat' dir='ltr'>recipiunt.</span> <span class='ocrx_word' id='word_1_206' title='bbox 677 1854 756 1887; x_wconf 86' lang='lat' dir='ltr'>Anti</span> <span class='ocrx_word' id='word_1_207' title='bbox 775 1854 856 1887; x_wconf 85' lang='lat' dir='ltr'>uitas</span> <span class='ocrx_word' id='word_1_208' title='bbox 874 1862 894 1896; x_wconf 89' lang='lat'><em>5</em></span> <span class='ocrx_word' id='word_1_209' title='bbox 905 1863 934 1886; x_wconf 83' lang='grc' dir='ltr'><strong><em>ι.</em></strong></span> 
     </span>
     <span class='ocr_line' id='line_1_36' title="bbox 89 1899 993 1956; baseline -0.006 -15"><span class='ocrx_word' id='word_1_210' title='bbox 89 1909 149 1956; x_wconf 77' lang='lat'>84.</span> <span class='ocrx_word' id='word_1_211' title='bbox 173 1899 312 1941; x_wconf 79' lang='lat' dir='ltr'>Siciliani</span> <span class='ocrx_word' id='word_1_212' title='bbox 326 1899 553 1949; x_wconf 80' lang='lat' dir='ltr'>malogranata</span> <span class='ocrx_word' id='word_1_213' title='bbox 565 1901 584 1936; x_wconf 64' lang='lat' dir='ltr'>*a</span> <span class='ocrx_word' id='word_1_214' title='bbox 601 1901 751 1949; x_wconf 64' lang='lat' dir='ltr'>vectigali</span> <span class='ocrx_word' id='word_1_215' title='bbox 779 1913 815 1937; x_wconf 78' lang='lat' dir='ltr'>us</span> <span class='ocrx_word' id='word_1_216' title='bbox 825 1902 993 1942; x_wconf 85' lang='lat' dir='ltr'>eximunt,</span> 
     </span>
     <span class='ocr_line' id='line_1_37' title="bbox 136 1950 988 2001; baseline -0.006 -11"><span class='ocrx_word' id='word_1_217' title='bbox 136 1951 277 2001; x_wconf 66' lang='lat' dir='ltr'>eoquod</span> <span class='ocrx_word' id='word_1_218' title='bbox 302 1950 322 1988; x_wconf 64' lang='grc' dir='ltr'>ὲ</span> <span class='ocrx_word' id='word_1_219' title='bbox 339 1951 455 1987; x_wconf 68' lang='grc' dir='ltr'>ηαωιὲι</span> <span class='ocrx_word' id='word_1_220' title='bbox 470 1962 587 1999; x_wconf 81' lang='lat' dir='ltr'>gerant</span> <span class='ocrx_word' id='word_1_221' title='bbox 608 1963 781 1988; x_wconf 80' lang='lat' dir='ltr'>coronam.</span> <span class='ocrx_word' id='word_1_222' title='bbox 842 1952 988 2000; x_wconf 72' lang='lat' dir='ltr'>Antiqui-</span> 
     </span>
    </p>

    <p class='ocr_par' dir='ltr' id='par_1_14' title="bbox 136 2007 270 2040">
     <span class='ocr_line' id='line_1_38' title="bbox 136 2007 270 2040; baseline -0.007 -1"><span class='ocrx_word' id='word_1_223' title='bbox 136 2007 185 2040; x_wconf 86' lang='lat' dir='ltr'>tas</span> <span class='ocrx_word' id='word_1_224' title='bbox 209 2014 230 2040; x_wconf 80' lang='lat'><em>2</em></span> <span class='ocrx_word' id='word_1_225' title='bbox 259 2026 270 2038; x_wconf 82' lang='grc'><strong><em>.</em></strong></span> 
     </span>
    </p>

    <p class='ocr_par' dir='ltr' id='par_1_15' title="bbox 89 2014 988 2201">
     <span class='ocr_line' id='line_1_39' title="bbox 89 2014 988 2103; baseline -0.006 -14"><span class='ocrx_word' id='word_1_226' title='bbox 89 2057 149 2103; x_wconf 71' lang='lat'>85.</span> <span class='ocrx_word' id='word_1_227' title='bbox 174 2014 304 2103; x_wconf 73' lang='lat' dir='ltr'>Sigr7idis</span> <span class='ocrx_word' id='word_1_228' title='bbox 318 2047 364 2085; x_wconf 73' lang='lat' dir='ltr'>&#39;ab</span> <span class='ocrx_word' id='word_1_229' title='bbox 373 2058 526 2085; x_wconf 84' lang='lat' dir='ltr'>extremo</span> <span class='ocrx_word' id='word_1_230' title='bbox 534 2049 638 2085; x_wconf 82' lang='lat' dir='ltr'>Maris</span> <span class='ocrx_word' id='word_1_231' title='bbox 649 2047 796 2096; x_wconf 86' lang='lat' dir='ltr'>periculo</span> <span class='ocrx_word' id='word_1_232' title='bbox 811 2047 988 2085; x_wconf 82' lang='lat' dir='ltr'>miraculo-</span> 
     </span>
     <span class='ocr_line' id='line_1_40' title="bbox 137 2098 988 2146; baseline -0.005 -8"><span class='ocrx_word' id='word_1_233' title='bbox 137 2099 173 2138; x_wconf 73' lang='grc' dir='ltr'>εὲ</span> <span class='ocrx_word' id='word_1_234' title='bbox 194 2102 369 2139; x_wconf 81' lang='lat' dir='ltr'>liberatur,</span> <span class='ocrx_word' id='word_1_235' title='bbox 387 2098 431 2134; x_wconf 89' lang='lat' dir='ltr'>ob</span> <span class='ocrx_word' id='word_1_236' title='bbox 441 2099 597 2134; x_wconf 66' lang='lat' dir='ltr'>Sanctam</span> <span class='ocrx_word' id='word_1_237' title='bbox 619 2099 767 2146; x_wconf 86' lang='lat' dir='ltr'>prolem,</span> <span class='ocrx_word' id='word_1_238' title='bbox 792 2099 988 2145; x_wconf 81' lang='lat' dir='ltr'>Birgittam,</span> 
     </span>
     <span class='ocr_line' id='line_1_41' title="bbox 135 2146 967 2201; baseline -0.004 -14"><span class='ocrx_word' id='word_1_239' title='bbox 135 2162 236 2201; x_wconf 86' lang='lat' dir='ltr'>quam</span> <span class='ocrx_word' id='word_1_240' title='bbox 249 2147 383 2197; x_wconf 80' lang='lat' dir='ltr'>gravida</span> <span class='ocrx_word' id='word_1_241' title='bbox 399 2146 529 2196; x_wconf 82' lang='lat' dir='ltr'>gerebat</span> <span class='ocrx_word' id='word_1_242' title='bbox 539 2149 573 2183; x_wconf 91' lang='lat' dir='ltr'>in</span> <span class='ocrx_word' id='word_1_243' title='bbox 586 2159 689 2184; x_wconf 88' lang='lat' dir='ltr'>utero.</span> <span class='ocrx_word' id='word_1_244' title='bbox 715 2151 894 2197; x_wconf 87' lang='lat' dir='ltr'>Antiquitas</span> <span class='ocrx_word' id='word_1_245' title='bbox 908 2160 967 2195; x_wconf 86' lang='lat'>57.</span> 
     </span>
    </p>

    <p class='ocr_par' dir='ltr' id='par_1_16' title="bbox 88 2195 987 2350">
     <span class='ocr_line' id='line_1_42' title="bbox 88 2195 987 2246; baseline -0.004 -8"><span class='ocrx_word' id='word_1_246' title='bbox 88 2203 146 2245; x_wconf 77' lang='lat'>86.</span> <span class='ocrx_word' id='word_1_247' title='bbox 173 2204 212 2237; x_wconf 88' lang='grc' dir='ltr'>Β.</span> <span class='ocrx_word' id='word_1_248' title='bbox 220 2202 341 2236; x_wconf 85' lang='lat' dir='ltr'>Simeon</span> <span class='ocrx_word' id='word_1_249' title='bbox 350 2198 463 2246; x_wconf 51' lang='lat' dir='ltr'>stylita</span> <span class='ocrx_word' id='word_1_250' title='bbox 470 2195 655 2233; x_wconf 77' lang='lat' dir='ltr'>altiffimam</span> <span class='ocrx_word' id='word_1_251' title='bbox 663 2195 852 2233; x_wconf 86' lang='lat' dir='ltr'>conscendit</span> <span class='ocrx_word' id='word_1_252' title='bbox 860 2197 987 2234; x_wconf 87' lang='lat' dir='ltr'>colum·</span> 
     </span>
     <span class='ocr_line' id='line_1_43' title="bbox 136 2244 986 2295; baseline -0.004 -9"><span class='ocrx_word' id='word_1_253' title='bbox 136 2261 226 2290; x_wconf 84' lang='lat' dir='ltr'>nam,</span> <span class='ocrx_word' id='word_1_254' title='bbox 238 2250 289 2284; x_wconf 90' lang='lat' dir='ltr'>cui</span> <span class='ocrx_word' id='word_1_255' title='bbox 299 2259 356 2295; x_wconf 87' lang='lat' dir='ltr'>per</span> <span class='ocrx_word' id='word_1_256' title='bbox 367 2249 422 2283; x_wconf 86' lang='lat'>80.</span> <span class='ocrx_word' id='word_1_257' title='bbox 435 2258 539 2282; x_wconf 88' lang='lat' dir='ltr'>annos</span> <span class='ocrx_word' id='word_1_258' title='bbox 551 2246 734 2284; x_wconf 86' lang='lat' dir='ltr'>immobilis</span> <span class='ocrx_word' id='word_1_259' title='bbox 743 2244 869 2284; x_wconf 74' lang='lat' dir='ltr'>infistit.</span> <span class='ocrx_word' id='word_1_260' title='bbox 916 2251 986 2286; x_wconf 86' lang='lat' dir='ltr'>An-</span> 
     </span>
     <span class='ocr_line' id='line_1_44' title="bbox 131 2301 338 2350; baseline -0.019 -13"><span class='ocrx_word' id='word_1_261' title='bbox 131 2301 261 2350; x_wconf 83' lang='lat' dir='ltr'>tiquitas</span> <span class='ocrx_word' id='word_1_262' title='bbox 279 2302 338 2341; x_wconf 77' lang='lat'>89.</span> 
     </span>
    </p>

    <p class='ocr_par' dir='ltr' id='par_1_17' title="bbox 87 2343 983 2485">
     <span class='ocr_line' id='line_1_45' title="bbox 87 2343 983 2398; baseline -0.001 -13"><span class='ocrx_word' id='word_1_263' title='bbox 87 2351 145 2398; x_wconf 80' lang='lat'>87.</span> <span class='ocrx_word' id='word_1_264' title='bbox 171 2347 448 2398; x_wconf 62' lang='lat' dir='ltr'>StygisFluminis</span> <span class='ocrx_word' id='word_1_265' title='bbox 469 2355 564 2392; x_wconf 68' lang='lat' dir='ltr'>aquae</span> <span class='ocrx_word' id='word_1_266' title='bbox 579 2343 758 2381; x_wconf 64' lang='lat' dir='ltr'>mortiferae</span> <span class='ocrx_word' id='word_1_267' title='bbox 776 2346 891 2382; x_wconf 87' lang='lat' dir='ltr'>omnia</span> <span class='ocrx_word' id='word_1_268' title='bbox 909 2344 983 2384; x_wconf 81' lang='lat' dir='ltr'>vasa</span> 
     </span>
     <span class='ocr_line' id='line_1_46' title="bbox 131 2393 983 2445; baseline 0 -11"><span class='ocrx_word' id='word_1_269' title='bbox 131 2398 361 2445; x_wconf 75' lang='lat' dir='ltr'>confringunt,</span> <span class='ocrx_word' id='word_1_270' title='bbox 379 2393 438 2431; x_wconf 82' lang='lat' dir='ltr'>nili</span> <span class='ocrx_word' id='word_1_271' title='bbox 447 2395 572 2443; x_wconf 79' lang='lat' dir='ltr'>ungula</span> <span class='ocrx_word' id='word_1_272' title='bbox 592 2397 669 2443; x_wconf 87' lang='lat' dir='ltr'>equi</span> <span class='ocrx_word' id='word_1_273' title='bbox 691 2395 871 2440; x_wconf 80' lang='lat' dir='ltr'>iuijciatut.</span> <span class='ocrx_word' id='word_1_274' title='bbox 911 2399 983 2434; x_wconf 84' lang='lat' dir='ltr'>An·</span> 
     </span>
     <span class='ocr_line' id='line_1_47' title="bbox 132 2450 317 2485; baseline -0.016 0"><span class='ocrx_word' id='word_1_275' title='bbox 132 2450 158 2485; x_wconf 88' lang='lat' dir='ltr'>ti</span> <span class='ocrx_word' id='word_1_276' title='bbox 179 2450 261 2484; x_wconf 84' lang='lat' dir='ltr'>uitas</span> <span class='ocrx_word' id='word_1_277' title='bbox 306 2471 317 2483; x_wconf 87' lang='lat'><strong><em>.</em></strong></span> 
     </span>
    </p>

    <p class='ocr_par' dir='ltr' id='par_1_18' title="bbox 84 2456 987 2593">
     <span class='ocr_line' id='line_1_48' title="bbox 84 2456 987 2538; baseline -0.008 -5"><span class='ocrx_word' id='word_1_278' title='bbox 84 2499 144 2538; x_wconf 74' lang='lat'>88.</span> <span class='ocrx_word' id='word_1_279' title='bbox 159 2456 342 2537; x_wconf 46' lang='lat' dir='ltr'>quamnim,</span> <span class='ocrx_word' id='word_1_280' title='bbox 356 2504 393 2531; x_wconf 88' lang='lat' dir='ltr'>ac</span> <span class='ocrx_word' id='word_1_281' title='bbox 401 2492 594 2531; x_wconf 80' lang='lat' dir='ltr'>Cimbrorum</span> <span class='ocrx_word' id='word_1_282' title='bbox 606 2492 752 2529; x_wconf 88' lang='lat' dir='ltr'>militum</span> <span class='ocrx_word' id='word_1_283' title='bbox 766 2502 903 2534; x_wconf 84' lang='lat' dir='ltr'>uxores,</span> <span class='ocrx_word' id='word_1_284' title='bbox 917 2503 987 2530; x_wconf 84' lang='lat' dir='ltr'>ma.</span> 
     </span>
     <span class='ocr_line' id='line_1_49' title="bbox 131 2538 984 2593; baseline -0.002 -10"><span class='ocrx_word' id='word_1_285' title='bbox 131 2547 212 2589; x_wconf 72' lang='lat' dir='ltr'>titos</span> <span class='ocrx_word' id='word_1_286' title='bbox 221 2545 274 2583; x_wconf 84' lang='lat' dir='ltr'>his</span> <span class='ocrx_word' id='word_1_287' title='bbox 284 2544 393 2583; x_wconf 75' lang='lat' dir='ltr'>vetbis</span> <span class='ocrx_word' id='word_1_288' title='bbox 400 2546 549 2582; x_wconf 83' lang='lat' dir='ltr'>animant</span> <span class='ocrx_word' id='word_1_289' title='bbox 559 2556 569 2584; x_wconf 69' lang='grc' dir='ltr'><em>ε</em></span> <span class='ocrx_word' id='word_1_290' title='bbox 595 2544 652 2593; x_wconf 79' lang='lat' dir='ltr'>Eja</span> <span class='ocrx_word' id='word_1_291' title='bbox 665 2545 730 2580; x_wconf 81' lang='lat' dir='ltr'>viri</span> <span class='ocrx_word' id='word_1_292' title='bbox 735 2542 744 2579; x_wconf 76' lang='lat'>1</span> <span class='ocrx_word' id='word_1_293' title='bbox 747 2538 984 2593; x_wconf 67' lang='lat' dir='ltr'>pugnatefhrtt&#39;-</span> 
     </span>
    </p>
   </div>
   <div class='ocr_carea' id='block_1_3' title="bbox 706 2654 1348 3299">
    <p class='ocr_par' dir='ltr' id='par_1_19' title="bbox 706 2654 1348 3299">
     <span class='ocr_line' id='line_1_50' title="bbox 706 2654 1348 3299; baseline 0 197"><span class='ocrx_word' id='word_1_294' title='bbox 706 2654 1348 3299; x_wconf 95' lang='lat' dir='ltr'> </span> 
     </span>
    </p>
   </div>
   <div class='ocr_carea' id='block_1_4' title="bbox 1035 225 1953 2600">
    <p class='ocr_par' dir='ltr' id='par_1_20' title="bbox 1088 225 1946 312">
     <span class='ocr_line' id='line_1_51' title="bbox 1088 225 1946 278; baseline 0.005 -18"><span class='ocrx_word' id='word_1_295' title='bbox 1088 228 1145 265; x_wconf 79' lang='lat' dir='ltr'>ter,</span> <span class='ocrx_word' id='word_1_296' title='bbox 1172 236 1208 261; x_wconf 88' lang='lat' dir='ltr'>ne</span> <span class='ocrx_word' id='word_1_297' title='bbox 1219 236 1275 262; x_wconf 89' lang='lat' dir='ltr'>nos</span> <span class='ocrx_word' id='word_1_298' title='bbox 1284 231 1488 264; x_wconf 78' lang='lat' dir='ltr'>Romanorum</span> <span class='ocrx_word' id='word_1_299' title='bbox 1506 232 1647 278; x_wconf 82' lang='lat' dir='ltr'>captivas</span> <span class='ocrx_word' id='word_1_300' title='bbox 1665 225 1798 267; x_wconf 83' lang='lat' dir='ltr'>videatis</span> <span class='ocrx_word' id='word_1_301' title='bbox 1816 234 1825 271; x_wconf 74' lang='grc' dir='ltr'>ε</span> <span class='ocrx_word' id='word_1_302' title='bbox 1854 229 1946 267; x_wconf 75' lang='lat' dir='ltr'>Anti.</span> 
     </span>
     <span class='ocr_line' id='line_1_52' title="bbox 1112 279 1273 312; baseline 0.025 -4"><span class='ocrx_word' id='word_1_303' title='bbox 1112 279 1193 309; x_wconf 85' lang='lat' dir='ltr'>nitas</span> <span class='ocrx_word' id='word_1_304' title='bbox 1218 287 1273 312; x_wconf 83' lang='lat'>12·</span> 
     </span>
    </p>

    <p class='ocr_par' dir='ltr' id='par_1_21' title="bbox 1046 284 1948 606">
     <span class='ocr_line' id='line_1_53' title="bbox 1046 284 1946 377; baseline 0.007 -20"><span class='ocrx_word' id='word_1_305' title='bbox 1046 284 1109 368; x_wconf 50' lang='lat'>89?</span> <span class='ocrx_word' id='word_1_306' title='bbox 1129 321 1349 369; x_wconf 65' lang='lat' dir='ltr'>Themistocles,</span> <span class='ocrx_word' id='word_1_307' title='bbox 1369 322 1445 361; x_wconf 72' lang='lat' dir='ltr'>cum</span> <span class='ocrx_word' id='word_1_308' title='bbox 1461 325 1500 361; x_wconf 82' lang='lat' dir='ltr'>ad</span> <span class='ocrx_word' id='word_1_309' title='bbox 1516 325 1611 362; x_wconf 83' lang='lat' dir='ltr'>ludos</span> <span class='ocrx_word' id='word_1_310' title='bbox 1629 326 1850 376; x_wconf 84' lang='lat' dir='ltr'>olympiacos</span> <span class='ocrx_word' id='word_1_311' title='bbox 1869 340 1946 377; x_wconf 82' lang='lat' dir='ltr'>pro.</span> 
     </span>
     <span class='ocr_line' id='line_1_54' title="bbox 1093 372 1946 426; baseline 0.011 -20"><span class='ocrx_word' id='word_1_312' title='bbox 1093 372 1241 414; x_wconf 85' lang='lat' dir='ltr'>cederet,</span> <span class='ocrx_word' id='word_1_313' title='bbox 1269 386 1350 410; x_wconf 89' lang='lat' dir='ltr'>mox</span> <span class='ocrx_word' id='word_1_314' title='bbox 1359 377 1512 410; x_wconf 90' lang='lat' dir='ltr'>omnium</span> <span class='ocrx_word' id='word_1_315' title='bbox 1523 375 1638 412; x_wconf 83' lang='lat' dir='ltr'>oculos</span> <span class='ocrx_word' id='word_1_316' title='bbox 1651 400 1662 418; x_wconf 89' lang='lat'>,</span> <span class='ocrx_word' id='word_1_317' title='bbox 1680 377 1874 426; x_wconf 83' lang='lat' dir='ltr'>posthabitis</span> <span class='ocrx_word' id='word_1_318' title='bbox 1891 379 1946 416; x_wconf 84' lang='lat' dir='ltr'>lu-</span> 
     </span>
     <span class='ocr_line' id='line_1_55' title="bbox 1093 420 1945 466; baseline 0.008 -10"><span class='ocrx_word' id='word_1_319' title='bbox 1093 421 1156 461; x_wconf 86' lang='lat' dir='ltr'>dis,</span> <span class='ocrx_word' id='word_1_320' title='bbox 1168 424 1203 457; x_wconf 85' lang='lat' dir='ltr'>in</span> <span class='ocrx_word' id='word_1_321' title='bbox 1220 420 1251 458; x_wconf 90' lang='lat' dir='ltr'>se</span> <span class='ocrx_word' id='word_1_322' title='bbox 1260 424 1434 461; x_wconf 88' lang='lat' dir='ltr'>conversos</span> <span class='ocrx_word' id='word_1_323' title='bbox 1442 425 1677 466; x_wconf 83' lang='lat' dir='ltr'>videns‚dixit:</span> <span class='ocrx_word' id='word_1_324' title='bbox 1703 438 1781 463; x_wconf 88' lang='lat' dir='ltr'>tunc</span> <span class='ocrx_word' id='word_1_325' title='bbox 1792 427 1822 463; x_wconf 92' lang='lat' dir='ltr'>se</span> <span class='ocrx_word' id='word_1_326' title='bbox 1832 427 1945 464; x_wconf 85' lang='lat' dir='ltr'>omni·</span> 
     </span>
     <span class='ocr_line' id='line_1_56' title="bbox 1091 471 1948 523; baseline 0.011 -18"><span class='ocrx_word' id='word_1_327' title='bbox 1091 481 1149 505; x_wconf 88' lang='lat' dir='ltr'>um</span> <span class='ocrx_word' id='word_1_328' title='bbox 1166 471 1329 512; x_wconf 83' lang='lat' dir='ltr'>laborum,</span> <span class='ocrx_word' id='word_1_329' title='bbox 1343 486 1426 521; x_wconf 89' lang='lat' dir='ltr'>quos</span> <span class='ocrx_word' id='word_1_330' title='bbox 1445 474 1601 510; x_wconf 72' lang='lat' dir='ltr'>hactenns</span> <span class='ocrx_word' id='word_1_331' title='bbox 1620 487 1682 522; x_wconf 87' lang='lat' dir='ltr'>pto</span> <span class='ocrx_word' id='word_1_332' title='bbox 1694 477 1877 523; x_wconf 67' lang='lat' dir='ltr'>Republica</span> <span class='ocrx_word' id='word_1_333' title='bbox 1896 476 1948 514; x_wconf 88' lang='lat' dir='ltr'>su·</span> 
     </span>
     <span class='ocr_line' id='line_1_57' title="bbox 1090 518 1948 565; baseline 0.012 -12"><span class='ocrx_word' id='word_1_334' title='bbox 1090 518 1248 565; x_wconf 77' lang='lat' dir='ltr'>scepiffet,</span> <span class='ocrx_word' id='word_1_335' title='bbox 1268 523 1419 565; x_wconf 70' lang='lat' dir='ltr'>frustum,</span> <span class='ocrx_word' id='word_1_336' title='bbox 1430 535 1467 560; x_wconf 86' lang='lat' dir='ltr'>ac</span> <span class='ocrx_word' id='word_1_337' title='bbox 1477 525 1662 561; x_wconf 83' lang='lat' dir='ltr'>mercedem</span> <span class='ocrx_word' id='word_1_338' title='bbox 1672 520 1826 563; x_wconf 77' lang='lat' dir='ltr'>retuliffe.</span> <span class='ocrx_word' id='word_1_339' title='bbox 1875 529 1948 563; x_wconf 70' lang='lat' dir='ltr'>An·</span> 
     </span>
     <span class='ocr_line' id='line_1_58' title="bbox 1090 570 1295 606; baseline 0.02 -4"><span class='ocrx_word' id='word_1_340' title='bbox 1090 570 1115 603; x_wconf 85' lang='lat' dir='ltr'>ti</span> <span class='ocrx_word' id='word_1_341' title='bbox 1135 571 1217 605; x_wconf 76' lang='lat' dir='ltr'>nitas</span> <span class='ocrx_word' id='word_1_342' title='bbox 1286 596 1295 606; x_wconf 92' lang='lat'><strong>.</strong></span> 
     </span>
    </p>

    <p class='ocr_par' dir='ltr' id='par_1_22' title="bbox 1041 580 1950 765">
     <span class='ocr_line' id='line_1_59' title="bbox 1041 580 1950 671; baseline 0.01 -20"><span class='ocrx_word' id='word_1_343' title='bbox 1041 627 1098 663; x_wconf 85' lang='lat'>90.</span> <span class='ocrx_word' id='word_1_344' title='bbox 1115 580 1343 661; x_wconf 53' lang='lat' dir='ltr'>qff&#39;heodgricun</span> <span class='ocrx_word' id='word_1_345' title='bbox 1363 620 1556 658; x_wconf 83' lang='lat' dir='ltr'>Gothorum</span> <span class='ocrx_word' id='word_1_346' title='bbox 1575 623 1649 658; x_wconf 85' lang='lat' dir='ltr'>Rex</span> <span class='ocrx_word' id='word_1_347' title='bbox 1663 645 1674 664; x_wconf 84' lang='lat'>,</span> <span class='ocrx_word' id='word_1_348' title='bbox 1702 622 1950 671; x_wconf 68' lang='lat' dir='ltr'>prohibeti’ut-</span> 
     </span>
     <span class='ocr_line' id='line_1_60' title="bbox 1093 670 1947 720; baseline 0.012 -19"><span class='ocrx_word' id='word_1_349' title='bbox 1093 678 1208 713; x_wconf 79' lang='lat' dir='ltr'>puram</span> <span class='ocrx_word' id='word_1_350' title='bbox 1223 672 1362 717; x_wconf 68' lang='lat' dir='ltr'>Regi-am</span> <span class='ocrx_word' id='word_1_351' title='bbox 1377 670 1418 707; x_wconf 88' lang='lat' dir='ltr'>ab</span> <span class='ocrx_word' id='word_1_352' title='bbox 1433 672 1603 720; x_wconf 84' lang='lat' dir='ltr'>impudico</span> <span class='ocrx_word' id='word_1_353' title='bbox 1621 675 1759 710; x_wconf 63' lang='lat' dir='ltr'>tinetote</span> <span class='ocrx_word' id='word_1_354' title='bbox 1770 673 1947 711; x_wconf 70' lang='lat' dir='ltr'>antestari.</span> 
     </span>
     <span class='ocr_line' id='line_1_61' title="bbox 1094 719 1342 765; baseline 0.02 -15"><span class='ocrx_word' id='word_1_355' title='bbox 1094 719 1272 765; x_wconf 80' lang='lat' dir='ltr'>Antiquitas</span> <span class='ocrx_word' id='word_1_356' title='bbox 1300 733 1342 763; x_wconf 84' lang='lat'>¹9</span> 
     </span>
    </p>

    <p class='ocr_par' dir='ltr' id='par_1_23' title="bbox 1043 764 1952 916">
     <span class='ocr_line' id='line_1_62' title="bbox 1043 764 1948 817; baseline 0.01 -18"><span class='ocrx_word' id='word_1_357' title='bbox 1043 773 1104 809; x_wconf 81' lang='lat'>91·</span> <span class='ocrx_word' id='word_1_358' title='bbox 1131 768 1165 801; x_wconf 87' lang='lat' dir='ltr'>S.</span> <span class='ocrx_word' id='word_1_359' title='bbox 1177 768 1202 800; x_wconf 68' lang='grc' dir='ltr'>’Τ</span> <span class='ocrx_word' id='word_1_360' title='bbox 1202 764 1312 802; x_wconf 78' lang='lat' dir='ltr'>homas</span> <span class='ocrx_word' id='word_1_361' title='bbox 1325 766 1702 817; x_wconf 76' lang='lat' dir='ltr'>Apostolus,infidelitate</span> <span class='ocrx_word' id='word_1_362' title='bbox 1720 768 1948 808; x_wconf 86' lang='lat' dir='ltr'>acincreduli-</span> 
     </span>
     <span class='ocr_line' id='line_1_63' title="bbox 1093 815 1950 865; baseline 0.006 -15"><span class='ocrx_word' id='word_1_363' title='bbox 1093 824 1161 850; x_wconf 80' lang='lat' dir='ltr'>tate</span> <span class='ocrx_word' id='word_1_364' title='bbox 1177 815 1242 857; x_wconf 71' lang='lat' dir='ltr'>suit,</span> <span class='ocrx_word' id='word_1_365' title='bbox 1251 817 1326 864; x_wconf 89' lang='lat' dir='ltr'>plus</span> <span class='ocrx_word' id='word_1_366' title='bbox 1343 818 1470 865; x_wconf 82' lang='lat' dir='ltr'>proficit</span> <span class='ocrx_word' id='word_1_367' title='bbox 1481 819 1522 854; x_wconf 85' lang='lat' dir='ltr'>ad</span> <span class='ocrx_word' id='word_1_368' title='bbox 1534 819 1628 854; x_wconf 86' lang='lat' dir='ltr'>fidem</span> <span class='ocrx_word' id='word_1_369' title='bbox 1637 821 1840 859; x_wconf 87' lang='lat' dir='ltr'>credentium</span> <span class='ocrx_word' id='word_1_370' title='bbox 1852 819 1950 856; x_wconf 83' lang='lat' dir='ltr'>disci-</span> 
     </span>
     <span class='ocr_line' id='line_1_64' title="bbox 1085 864 1952 916; baseline 0.013 -18"><span class='ocrx_word' id='word_1_371' title='bbox 1085 864 1255 911; x_wconf 84' lang='lat' dir='ltr'>pulorum,</span> <span class='ocrx_word' id='word_1_372' title='bbox 1273 867 1375 914; x_wconf 61' lang='lat' dir='ltr'>quim</span> <span class='ocrx_word' id='word_1_373' title='bbox 1400 867 1602 916; x_wconf 80' lang='lat' dir='ltr'>finunquam</span> <span class='ocrx_word' id='word_1_374' title='bbox 1618 870 1802 908; x_wconf 66' lang='lat' dir='ltr'>dubitasset.</span> <span class='ocrx_word' id='word_1_375' title='bbox 1852 871 1952 908; x_wconf 78' lang='lat' dir='ltr'>Anti-</span> 
     </span>
    </p>

    <p class='ocr_par' dir='ltr' id='par_1_24' title="bbox 1114 918 1273 960">
     <span class='ocr_line' id='line_1_65' title="bbox 1114 918 1273 960; baseline 0.019 -11"><span class='ocrx_word' id='word_1_376' title='bbox 1114 918 1195 950; x_wconf 84' lang='lat' dir='ltr'>uitas</span> <span class='ocrx_word' id='word_1_377' title='bbox 1215 927 1273 960; x_wconf 78' lang='lat'>94.</span> 
     </span>
    </p>

    <p class='ocr_par' dir='ltr' id='par_1_25' title="bbox 1041 925 1950 1215">
     <span class='ocr_line' id='line_1_66' title="bbox 1041 925 1950 1013; baseline 0.009 -16"><span class='ocrx_word' id='word_1_378' title='bbox 1041 925 1112 1005; x_wconf 54' lang='lat'>92?</span> <span class='ocrx_word' id='word_1_379' title='bbox 1127 963 1222 1008; x_wconf 81' lang='lat' dir='ltr'>Vasco</span> <span class='ocrx_word' id='word_1_380' title='bbox 1231 961 1416 1005; x_wconf 67' lang='lat' dir='ltr'>fernandez,</span> <span class='ocrx_word' id='word_1_381' title='bbox 1434 977 1492 1013; x_wconf 82' lang='lat' dir='ltr'>per</span> <span class='ocrx_word' id='word_1_382' title='bbox 1509 966 1638 1003; x_wconf 85' lang='lat' dir='ltr'>medios</span> <span class='ocrx_word' id='word_1_383' title='bbox 1666 965 1810 1004; x_wconf 84' lang='lat' dir='ltr'>hostium</span> <span class='ocrx_word' id='word_1_384' title='bbox 1825 977 1950 1005; x_wconf 80' lang='lat' dir='ltr'>cuneos</span> 
     </span>
     <span class='ocr_line' id='line_1_67' title="bbox 1090 1015 1949 1064; baseline 0.009 -18"><span class='ocrx_word' id='word_1_385' title='bbox 1090 1015 1429 1060; x_wconf 78' lang='lat' dir='ltr'>penetrans.chattam</span> <span class='ocrx_word' id='word_1_386' title='bbox 1439 1015 1661 1064; x_wconf 86' lang='lat' dir='ltr'>muroaffigit‚</span> <span class='ocrx_word' id='word_1_387' title='bbox 1682 1019 1752 1053; x_wconf 82' lang='lat' dir='ltr'>haec</span> <span class='ocrx_word' id='word_1_388' title='bbox 1771 1019 1949 1054; x_wconf 89' lang='lat' dir='ltr'>continen-</span> 
     </span>
     <span class='ocr_line' id='line_1_68' title="bbox 1091 1063 1949 1112; baseline 0.008 -14"><span class='ocrx_word' id='word_1_389' title='bbox 1091 1072 1183 1098; x_wconf 82' lang='lat' dir='ltr'>tem:</span> <span class='ocrx_word' id='word_1_390' title='bbox 1208 1065 1278 1101; x_wconf 86' lang='lat' dir='ltr'>Huc</span> <span class='ocrx_word' id='word_1_391' title='bbox 1294 1069 1436 1112; x_wconf 84' lang='lat' dir='ltr'>pervenit</span> <span class='ocrx_word' id='word_1_392' title='bbox 1454 1063 1549 1111; x_wconf 83' lang='lat' dir='ltr'>Vasco</span> <span class='ocrx_word' id='word_1_393' title='bbox 1579 1065 1766 1103; x_wconf 77' lang='lat' dir='ltr'>fernandez.</span> <span class='ocrx_word' id='word_1_394' title='bbox 1791 1065 1844 1102; x_wconf 89' lang='lat' dir='ltr'>cui</span> <span class='ocrx_word' id='word_1_395' title='bbox 1865 1067 1949 1105; x_wconf 75' lang='lat' dir='ltr'>alter</span> 
     </span>
     <span class='ocr_line' id='line_1_69' title="bbox 1092 1113 1950 1158; baseline 0.007 -11"><span class='ocrx_word' id='word_1_396' title='bbox 1092 1113 1456 1158; x_wconf 64' lang='lat' dir='ltr'>praecm1e22s‚iimilitet</span> <span class='ocrx_word' id='word_1_397' title='bbox 1463 1115 1573 1152; x_wconf 83' lang='lat' dir='ltr'>affixit</span> <span class='ocrx_word' id='word_1_398' title='bbox 1581 1114 1651 1151; x_wconf 82' lang='lat' dir='ltr'>haec</span> <span class='ocrx_word' id='word_1_399' title='bbox 1664 1116 1761 1152; x_wconf 78' lang='lat' dir='ltr'>verba</span> <span class='ocrx_word' id='word_1_400' title='bbox 1774 1129 1782 1153; x_wconf 74' lang='grc' dir='ltr'><strong>ε</strong></span> <span class='ocrx_word' id='word_1_401' title='bbox 1810 1120 1879 1152; x_wconf 87' lang='lat' dir='ltr'>Huc</span> <span class='ocrx_word' id='word_1_402' title='bbox 1889 1125 1950 1153; x_wconf 73' lang='lat' dir='ltr'>non</span> 
     </span>
     <span class='ocr_line' id='line_1_70' title="bbox 1092 1163 1846 1215; baseline 0.008 -18"><span class='ocrx_word' id='word_1_403' title='bbox 1092 1165 1233 1209; x_wconf 80' lang='lat' dir='ltr'>pervenit</span> <span class='ocrx_word' id='word_1_404' title='bbox 1245 1163 1339 1206; x_wconf 78' lang='lat' dir='ltr'>Vasco</span> <span class='ocrx_word' id='word_1_405' title='bbox 1347 1165 1531 1201; x_wconf 66' lang='lat' dir='ltr'>fernandez·</span> <span class='ocrx_word' id='word_1_406' title='bbox 1599 1168 1779 1215; x_wconf 85' lang='lat' dir='ltr'>Antiquitas</span> <span class='ocrx_word' id='word_1_407' title='bbox 1789 1170 1813 1203; x_wconf 87' lang='lat'><em>6</em></span> <span class='ocrx_word' id='word_1_408' title='bbox 1814 1176 1846 1202; x_wconf 86' lang='grc' dir='ltr'>ο-</span> 
     </span>
    </p>

    <p class='ocr_par' dir='ltr' id='par_1_26' title="bbox 1046 1209 1949 1360">
     <span class='ocr_line' id='line_1_71' title="bbox 1046 1209 1949 1261; baseline 0.007 -16"><span class='ocrx_word' id='word_1_409' title='bbox 1046 1215 1106 1254; x_wconf 75' lang='lat'>93.</span> <span class='ocrx_word' id='word_1_410' title='bbox 1133 1209 1274 1247; x_wconf 68' lang='lat' dir='ltr'>Vifloriae</span> <span class='ocrx_word' id='word_1_411' title='bbox 1283 1216 1399 1254; x_wconf 83' lang='lat' dir='ltr'>Navis,</span> <span class='ocrx_word' id='word_1_412' title='bbox 1423 1214 1560 1261; x_wconf 78' lang='lat' dir='ltr'>reliquis</span> <span class='ocrx_word' id='word_1_413' title='bbox 1578 1216 1738 1251; x_wconf 78' lang='lat' dir='ltr'>omnibus</span> <span class='ocrx_word' id='word_1_414' title='bbox 1756 1211 1949 1256; x_wconf 78' lang='lat' dir='ltr'>submetfis.</span> 
     </span>
     <span class='ocr_line' id='line_1_72' title="bbox 1090 1258 1948 1306; baseline 0.009 -12"><span class='ocrx_word' id='word_1_415' title='bbox 1090 1258 1159 1295; x_wconf 79' lang='lat' dir='ltr'>sola</span> <span class='ocrx_word' id='word_1_416' title='bbox 1183 1272 1294 1297; x_wconf 83' lang='lat' dir='ltr'>totum</span> <span class='ocrx_word' id='word_1_417' title='bbox 1315 1274 1404 1298; x_wconf 87' lang='lat' dir='ltr'>mare</span> <span class='ocrx_word' id='word_1_418' title='bbox 1416 1263 1623 1300; x_wconf 78' lang='lat' dir='ltr'>Atlanticum</span> <span class='ocrx_word' id='word_1_419' title='bbox 1639 1262 1784 1306; x_wconf 79' lang='lat' dir='ltr'>emensa,</span> <span class='ocrx_word' id='word_1_420' title='bbox 1804 1263 1948 1302; x_wconf 72' lang='lat' dir='ltr'>feliciter</span> 
     </span>
     <span class='ocr_line' id='line_1_73' title="bbox 1091 1311 1590 1360; baseline 0.01 -15"><span class='ocrx_word' id='word_1_421' title='bbox 1091 1311 1276 1346; x_wconf 81' lang='lat' dir='ltr'>revertitur.</span> <span class='ocrx_word' id='word_1_422' title='bbox 1325 1312 1512 1360; x_wconf 82' lang='lat' dir='ltr'>Antiquitas</span> <span class='ocrx_word' id='word_1_423' title='bbox 1534 1323 1590 1357; x_wconf 81' lang='lat'>5².</span> 
     </span>
    </p>

    <p class='ocr_par' dir='ltr' id='par_1_27' title="bbox 1041 1358 1950 1555">
     <span class='ocr_line' id='line_1_74' title="bbox 1041 1358 1950 1408; baseline 0.006 -15"><span class='ocrx_word' id='word_1_424' title='bbox 1041 1363 1101 1398; x_wconf 87' lang='lat'>94.</span> <span class='ocrx_word' id='word_1_425' title='bbox 1127 1361 1439 1407; x_wconf 82' lang='lat' dir='ltr'>Virginesquaedam,</span> <span class='ocrx_word' id='word_1_426' title='bbox 1452 1360 1568 1396; x_wconf 84' lang='lat' dir='ltr'>insano</span> <span class='ocrx_word' id='word_1_427' title='bbox 1581 1362 1691 1398; x_wconf 71' lang='lat' dir='ltr'>surore</span> <span class='ocrx_word' id='word_1_428' title='bbox 1708 1362 1743 1397; x_wconf 90' lang='lat' dir='ltr'>in</span> <span class='ocrx_word' id='word_1_429' title='bbox 1760 1358 1950 1408; x_wconf 72' lang='lat' dir='ltr'>stmetipsa·</span> 
     </span>
     <span class='ocr_line' id='line_1_75' title="bbox 1088 1403 1948 1456; baseline 0.007 -15"><span class='ocrx_word' id='word_1_430' title='bbox 1088 1403 1306 1443; x_wconf 77' lang='lat' dir='ltr'>desaevientes</span> <span class='ocrx_word' id='word_1_431' title='bbox 1328 1429 1340 1450; x_wconf 78' lang='lat'>‚</span> <span class='ocrx_word' id='word_1_432' title='bbox 1372 1421 1431 1456; x_wconf 86' lang='lat' dir='ltr'>pet</span> <span class='ocrx_word' id='word_1_433' title='bbox 1450 1411 1751 1446; x_wconf 77' lang='lat' dir='ltr'>comminationem</span> <span class='ocrx_word' id='word_1_434' title='bbox 1773 1412 1948 1446; x_wconf 77' lang='lat' dir='ltr'>denudan-</span> 
     </span>
     <span class='ocr_line' id='line_1_76' title="bbox 1089 1456 1949 1499; baseline 0.006 -8"><span class='ocrx_word' id='word_1_435' title='bbox 1089 1456 1209 1492; x_wconf 87' lang='lat' dir='ltr'>dotum</span> <span class='ocrx_word' id='word_1_436' title='bbox 1222 1457 1431 1499; x_wconf 83' lang='lat' dir='ltr'>cadaverum,</span> <span class='ocrx_word' id='word_1_437' title='bbox 1446 1459 1488 1494; x_wconf 84' lang='lat' dir='ltr'>ab</span> <span class='ocrx_word' id='word_1_438' title='bbox 1497 1460 1647 1496; x_wconf 84' lang='lat' dir='ltr'>ulteriori</span> <span class='ocrx_word' id='word_1_439' title='bbox 1662 1458 1774 1497; x_wconf 69' lang='lat' dir='ltr'>sutore</span> <span class='ocrx_word' id='word_1_440' title='bbox 1790 1463 1949 1496; x_wconf 66' lang='lat' dir='ltr'>coercen-</span> 
     </span>
     <span class='ocr_line' id='line_1_77' title="bbox 1089 1509 1461 1555; baseline 0.013 -15"><span class='ocrx_word' id='word_1_441' title='bbox 1089 1516 1154 1541; x_wconf 88' lang='lat' dir='ltr'>tur.</span> <span class='ocrx_word' id='word_1_442' title='bbox 1206 1509 1386 1555; x_wconf 86' lang='lat' dir='ltr'>Antiquitas</span> <span class='ocrx_word' id='word_1_443' title='bbox 1403 1517 1461 1552; x_wconf 85' lang='lat'>35.</span> 
     </span>
    </p>

    <p class='ocr_par' dir='ltr' id='par_1_28' title="bbox 1048 1555 1953 1749">
     <span class='ocr_line' id='line_1_78' title="bbox 1048 1555 1951 1606; baseline 0.003 -16"><span class='ocrx_word' id='word_1_444' title='bbox 1048 1563 1105 1601; x_wconf 91' lang='lat'>95.</span> <span class='ocrx_word' id='word_1_445' title='bbox 1135 1556 1272 1605; x_wconf 81' lang='lat' dir='ltr'>Virgines</span> <span class='ocrx_word' id='word_1_446' title='bbox 1294 1560 1438 1592; x_wconf 80' lang='lat' dir='ltr'>Romana</span> <span class='ocrx_word' id='word_1_447' title='bbox 1463 1557 1625 1606; x_wconf 62' lang='lat' dir='ltr'>galeam,</span> <span class='ocrx_word' id='word_1_448' title='bbox 1653 1566 1814 1604; x_wconf 81' lang='lat' dir='ltr'>tanquam</span> <span class='ocrx_word' id='word_1_449' title='bbox 1846 1555 1951 1596; x_wconf 84' lang='lat' dir='ltr'>militi</span> 
     </span>
     <span class='ocr_line' id='line_1_79' title="bbox 1093 1603 1953 1653; baseline 0.002 -14"><span class='ocrx_word' id='word_1_450' title='bbox 1093 1604 1224 1640; x_wconf 82' lang='lat' dir='ltr'>cuidam</span> <span class='ocrx_word' id='word_1_451' title='bbox 1235 1603 1457 1653; x_wconf 80' lang='lat' dir='ltr'>desponsatae‚</span> <span class='ocrx_word' id='word_1_452' title='bbox 1475 1608 1517 1642; x_wconf 80' lang='lat' dir='ltr'>ab</span> <span class='ocrx_word' id='word_1_453' title='bbox 1532 1607 1675 1643; x_wconf 88' lang='lat' dir='ltr'>hostium</span> <span class='ocrx_word' id='word_1_454' title='bbox 1695 1606 1803 1642; x_wconf 86' lang='lat' dir='ltr'>furore</span> <span class='ocrx_word' id='word_1_455' title='bbox 1813 1603 1888 1643; x_wconf 90' lang='lat' dir='ltr'>sunt</span> <span class='ocrx_word' id='word_1_456' title='bbox 1905 1606 1953 1645; x_wconf 88' lang='lat' dir='ltr'>se.</span> 
     </span>
     <span class='ocr_line' id='line_1_80' title="bbox 1090 1654 1952 1705; baseline 0.002 -16"><span class='ocrx_word' id='word_1_457' title='bbox 1090 1666 1188 1694; x_wconf 81' lang='lat' dir='ltr'>curae,</span> <span class='ocrx_word' id='word_1_458' title='bbox 1203 1654 1323 1702; x_wconf 87' lang='lat' dir='ltr'>quibus</span> <span class='ocrx_word' id='word_1_459' title='bbox 1348 1655 1379 1690; x_wconf 87' lang='lat' dir='ltr'>id</span> <span class='ocrx_word' id='word_1_460' title='bbox 1394 1669 1453 1703; x_wconf 87' lang='lat' dir='ltr'>pro</span> <span class='ocrx_word' id='word_1_461' title='bbox 1467 1655 1581 1693; x_wconf 56' lang='lat' dir='ltr'>tell‘etfi</span> <span class='ocrx_word' id='word_1_462' title='bbox 1596 1656 1858 1705; x_wconf 77' lang='lat' dir='ltr'>ptaefetendumt</span> <span class='ocrx_word' id='word_1_463' title='bbox 1883 1662 1952 1694; x_wconf 81' lang='lat' dir='ltr'>Ga.</span> 
     </span>
     <span class='ocr_line' id='line_1_81' title="bbox 1087 1701 1575 1749; baseline 0.004 -10"><span class='ocrx_word' id='word_1_464' title='bbox 1087 1701 1172 1740; x_wconf 87' lang='lat' dir='ltr'>leata</span> <span class='ocrx_word' id='word_1_465' title='bbox 1176 1703 1257 1749; x_wconf 82' lang='lat' dir='ltr'>sum.</span> <span class='ocrx_word' id='word_1_466' title='bbox 1311 1707 1396 1741; x_wconf 82' lang='lat' dir='ltr'>Anti</span> <span class='ocrx_word' id='word_1_467' title='bbox 1417 1710 1498 1743; x_wconf 78' lang='lat' dir='ltr'>uitas</span> <span class='ocrx_word' id='word_1_468' title='bbox 1516 1710 1575 1742; x_wconf 83' lang='lat'>61.</span> 
     </span>
    </p>

    <p class='ocr_par' dir='ltr' id='par_1_29' title="bbox 1037 1751 1948 1901">
     <span class='ocr_line' id='line_1_82' title="bbox 1037 1751 1948 1802; baseline 0.003 -12"><span class='ocrx_word' id='word_1_469' title='bbox 1037 1756 1099 1797; x_wconf 82' lang='lat'>96.</span> <span class='ocrx_word' id='word_1_470' title='bbox 1124 1751 1245 1801; x_wconf 70' lang='lat' dir='ltr'>Hlyffes,</span> <span class='ocrx_word' id='word_1_471' title='bbox 1261 1765 1384 1801; x_wconf 84' lang='lat' dir='ltr'>genero</span> <span class='ocrx_word' id='word_1_472' title='bbox 1402 1769 1438 1790; x_wconf 88' lang='lat' dir='ltr'>us</span> <span class='ocrx_word' id='word_1_473' title='bbox 1448 1754 1607 1802; x_wconf 82' lang='lat' dir='ltr'>Juvenis‚</span> <span class='ocrx_word' id='word_1_474' title='bbox 1631 1754 1864 1791; x_wconf 79' lang='lat' dir='ltr'>atrociffimum</span> <span class='ocrx_word' id='word_1_475' title='bbox 1879 1755 1948 1793; x_wconf 81' lang='lat' dir='ltr'>Po·</span> 
     </span>
     <span class='ocr_line' id='line_1_83' title="bbox 1086 1800 1948 1853; baseline 0.003 -15"><span class='ocrx_word' id='word_1_476' title='bbox 1086 1800 1283 1850; x_wconf 83' lang='lat' dir='ltr'>lyphemum</span> <span class='ocrx_word' id='word_1_477' title='bbox 1315 1805 1476 1852; x_wconf 85' lang='lat' dir='ltr'>generoso</span> <span class='ocrx_word' id='word_1_478' title='bbox 1509 1805 1591 1842; x_wconf 87' lang='lat' dir='ltr'>vino</span> <span class='ocrx_word' id='word_1_479' title='bbox 1614 1802 1761 1853; x_wconf 88' lang='lat' dir='ltr'>sopitum</span> <span class='ocrx_word' id='word_1_480' title='bbox 1779 1804 1948 1843; x_wconf 71' lang='lat' dir='ltr'>exoculat-</span> 
     </span>
     <span class='ocr_line' id='line_1_84' title="bbox 1090 1854 1356 1901; baseline 0.004 -12"><span class='ocrx_word' id='word_1_481' title='bbox 1090 1854 1272 1901; x_wconf 80' lang='lat' dir='ltr'>Antiquitas</span> <span class='ocrx_word' id='word_1_482' title='bbox 1297 1858 1356 1898; x_wconf 75' lang='lat'>64.</span> 
     </span>
    </p>

    <p class='ocr_par' dir='ltr' id='par_1_30' title="bbox 1040 1898 1946 2099">
     <span class='ocr_line' id='line_1_85' title="bbox 1040 1898 1946 1950; baseline 0.002 -15"><span class='ocrx_word' id='word_1_483' title='bbox 1040 1910 1098 1947; x_wconf 85' lang='lat'>97.</span> <span class='ocrx_word' id='word_1_484' title='bbox 1123 1898 1305 1939; x_wconf 77' lang='lat' dir='ltr'>chberus</span> <span class='ocrx_word' id='word_1_485' title='bbox 1320 1926 1330 1944; x_wconf 90' lang='lat'><em>,</em></span> <span class='ocrx_word' id='word_1_486' title='bbox 1343 1912 1522 1950; x_wconf 77' lang='lat' dir='ltr'>germanus</span> <span class='ocrx_word' id='word_1_487' title='bbox 1543 1901 1642 1940; x_wconf 85' lang='lat' dir='ltr'>miles</span> <span class='ocrx_word' id='word_1_488' title='bbox 1656 1899 1868 1944; x_wconf 79' lang='lat' dir='ltr'>fortiffimus,</span> <span class='ocrx_word' id='word_1_489' title='bbox 1890 1913 1946 1940; x_wconf 81' lang='lat' dir='ltr'>ca.</span> 
     </span>
     <span class='ocr_line' id='line_1_86' title="bbox 1089 1948 1943 1999; baseline 0.001 -11"><span class='ocrx_word' id='word_1_490' title='bbox 1089 1948 1319 1999; x_wconf 71' lang='lat' dir='ltr'>thaphtastum</span> <span class='ocrx_word' id='word_1_491' title='bbox 1330 1955 1477 1990; x_wconf 79' lang='lat' dir='ltr'>Turtam</span> <span class='ocrx_word' id='word_1_492' title='bbox 1496 1964 1564 1989; x_wconf 80' lang='lat' dir='ltr'>uno</span> <span class='ocrx_word' id='word_1_493' title='bbox 1582 1955 1647 1990; x_wconf 73' lang='lat' dir='ltr'>ictu</span> <span class='ocrx_word' id='word_1_494' title='bbox 1673 1952 1840 1992; x_wconf 83' lang='lat' dir='ltr'>discindit,</span> <span class='ocrx_word' id='word_1_495' title='bbox 1855 1955 1943 1989; x_wconf 84' lang='lat' dir='ltr'>Leo·</span> 
     </span>
     <span class='ocr_line' id='line_1_87' title="bbox 1084 2000 1939 2051; baseline 0.004 -15"><span class='ocrx_word' id='word_1_496' title='bbox 1084 2012 1164 2037; x_wconf 87' lang='lat' dir='ltr'>nem</span> <span class='ocrx_word' id='word_1_497' title='bbox 1187 2000 1318 2048; x_wconf 86' lang='lat' dir='ltr'>insuper</span> <span class='ocrx_word' id='word_1_498' title='bbox 1329 2003 1501 2051; x_wconf 89' lang='lat' dir='ltr'>ingentem</span> <span class='ocrx_word' id='word_1_499' title='bbox 1520 2004 1631 2051; x_wconf 86' lang='lat' dir='ltr'>primo</span> <span class='ocrx_word' id='word_1_500' title='bbox 1660 2004 1726 2038; x_wconf 70' lang='lat' dir='ltr'>istu</span> <span class='ocrx_word' id='word_1_501' title='bbox 1755 2003 1939 2039; x_wconf 80' lang='lat' dir='ltr'>exanimat.</span> 
     </span>
     <span class='ocr_line' id='line_1_88' title="bbox 1084 2050 1346 2099; baseline 0.004 -12"><span class='ocrx_word' id='word_1_502' title='bbox 1084 2050 1266 2099; x_wconf 86' lang='lat' dir='ltr'>Antiquitas</span> <span class='ocrx_word' id='word_1_503' title='bbox 1288 2063 1346 2096; x_wconf 81' lang='lat'>9²·</span> 
     </span>
    </p>

    <p class='ocr_par' dir='ltr' id='par_1_31' title="bbox 1035 2095 1942 2200">
     <span class='ocr_line' id='line_1_89' title="bbox 1035 2095 1942 2148; baseline 0.003 -12"><span class='ocrx_word' id='word_1_504' title='bbox 1035 2102 1094 2146; x_wconf 86' lang='lat'>98.</span> <span class='ocrx_word' id='word_1_505' title='bbox 1120 2103 1301 2136; x_wconf 81' lang='lat' dir='ltr'>Xenocratis</span> <span class='ocrx_word' id='word_1_506' title='bbox 1315 2098 1549 2144; x_wconf 70' lang='lat' dir='ltr'>finus,Pafl&#39;eris</span> <span class='ocrx_word' id='word_1_507' title='bbox 1565 2097 1606 2138; x_wconf 86' lang='lat' dir='ltr'>ab</span> <span class='ocrx_word' id='word_1_508' title='bbox 1617 2099 1773 2148; x_wconf 80' lang='lat' dir='ltr'>accipitre</span> <span class='ocrx_word' id='word_1_509' title='bbox 1784 2095 1942 2148; x_wconf 82' lang='lat' dir='ltr'>persecuti</span> 
     </span>
     <span class='ocr_line' id='line_1_90' title="bbox 1083 2149 1752 2200; baseline 0.001 -17"><span class='ocrx_word' id='word_1_510' title='bbox 1083 2149 1265 2197; x_wconf 80' lang='lat' dir='ltr'>gratiosum</span> <span class='ocrx_word' id='word_1_511' title='bbox 1276 2150 1452 2199; x_wconf 85' lang='lat' dir='ltr'>refugium.</span> <span class='ocrx_word' id='word_1_512' title='bbox 1503 2153 1684 2200; x_wconf 86' lang='lat' dir='ltr'>Antiquitas</span> <span class='ocrx_word' id='word_1_513' title='bbox 1693 2155 1716 2186; x_wconf 83' lang='lat'><em>6</em></span> <span class='ocrx_word' id='word_1_514' title='bbox 1718 2161 1752 2195; x_wconf 82' lang='lat'>9.</span> 
     </span>
    </p>

    <p class='ocr_par' dir='ltr' id='par_1_32' title="bbox 1035 2198 1940 2398">
     <span class='ocr_line' id='line_1_91' title="bbox 1035 2198 1938 2250; baseline 0.003 -16"><span class='ocrx_word' id='word_1_515' title='bbox 1035 2210 1094 2245; x_wconf 85' lang='lat'>99.</span> <span class='ocrx_word' id='word_1_516' title='bbox 1120 2200 1252 2240; x_wconf 80' lang='lat' dir='ltr'>Zeuxis,</span> <span class='ocrx_word' id='word_1_517' title='bbox 1267 2200 1383 2237; x_wconf 87' lang='lat' dir='ltr'>videns</span> <span class='ocrx_word' id='word_1_518' title='bbox 1394 2198 1654 2250; x_wconf 64' lang='lat' dir='ltr'>conflsgtantem</span> <span class='ocrx_word' id='word_1_519' title='bbox 1672 2199 1842 2242; x_wconf 83' lang='lat' dir='ltr'>viciniam,</span> <span class='ocrx_word' id='word_1_520' title='bbox 1861 2204 1938 2248; x_wconf 75' lang='lat' dir='ltr'>pto—</span> 
     </span>
     <span class='ocr_line' id='line_1_92' title="bbox 1083 2248 1939 2298; baseline 0.004 -14"><span class='ocrx_word' id='word_1_521' title='bbox 1083 2249 1256 2297; x_wconf 68' lang='lat' dir='ltr'>ptiamque</span> <span class='ocrx_word' id='word_1_522' title='bbox 1267 2248 1425 2291; x_wconf 83' lang='lat' dir='ltr'>domum,</span> <span class='ocrx_word' id='word_1_523' title='bbox 1444 2251 1486 2287; x_wconf 89' lang='lat' dir='ltr'>de</span> <span class='ocrx_word' id='word_1_524' title='bbox 1500 2249 1673 2287; x_wconf 66' lang='lat' dir='ltr'>artificiosa</span> <span class='ocrx_word' id='word_1_525' title='bbox 1694 2249 1837 2298; x_wconf 79' lang='lat' dir='ltr'>quadam</span> <span class='ocrx_word' id='word_1_526' title='bbox 1855 2250 1939 2287; x_wconf 83' lang='lat' dir='ltr'>ima·</span> 
     </span>
     <span class='ocr_line' id='line_1_93' title="bbox 1080 2297 1940 2346; baseline 0.006 -14"><span class='ocrx_word' id='word_1_527' title='bbox 1080 2299 1159 2346; x_wconf 88' lang='lat' dir='ltr'>gine</span> <span class='ocrx_word' id='word_1_528' title='bbox 1172 2310 1241 2346; x_wconf 78' lang='lat' dir='ltr'>prae</span> <span class='ocrx_word' id='word_1_529' title='bbox 1263 2300 1420 2337; x_wconf 83' lang='lat' dir='ltr'>omnibus</span> <span class='ocrx_word' id='word_1_530' title='bbox 1436 2300 1511 2345; x_wconf 72' lang='lat' dir='ltr'>aliis</span> <span class='ocrx_word' id='word_1_531' title='bbox 1530 2298 1712 2341; x_wconf 82' lang='lat' dir='ltr'>sollicitus,</span> <span class='ocrx_word' id='word_1_532' title='bbox 1734 2298 1857 2336; x_wconf 77' lang='lat' dir='ltr'>clamat</span> <span class='ocrx_word' id='word_1_533' title='bbox 1875 2297 1940 2337; x_wconf 85' lang='lat' dir='ltr'>sae·</span> 
     </span>
     <span class='ocr_line' id='line_1_94' title="bbox 1081 2347 1907 2398; baseline 0.002 -15"><span class='ocrx_word' id='word_1_534' title='bbox 1081 2348 1175 2395; x_wconf 79' lang='lat' dir='ltr'>pius:</span> <span class='ocrx_word' id='word_1_535' title='bbox 1199 2347 1594 2388; x_wconf 72' lang='lat' dir='ltr'>ServatemihiAdonidem</span> <span class='ocrx_word' id='word_1_536' title='bbox 1618 2348 1628 2385; x_wconf 77' lang='grc' dir='ltr'><strong>Ξ</strong></span> <span class='ocrx_word' id='word_1_537' title='bbox 1655 2351 1833 2398; x_wconf 80' lang='lat' dir='ltr'>Antiquitas</span> <span class='ocrx_word' id='word_1_538' title='bbox 1849 2361 1907 2394; x_wconf 83' lang='lat'>39.</span> 
     </span>
    </p>

    <p class='ocr_par' dir='ltr' id='par_1_33' title="bbox 1035 2394 1936 2600">
     <span class='ocr_line' id='line_1_95' title="bbox 1035 2394 1935 2447; baseline -0.002 -12"><span class='ocrx_word' id='word_1_539' title='bbox 1035 2407 1119 2435; x_wconf 82' lang='lat'><strong>100·</strong></span> <span class='ocrx_word' id='word_1_540' title='bbox 1145 2394 1230 2433; x_wconf 76' lang='lat' dir='ltr'>Idem</span> <span class='ocrx_word' id='word_1_541' title='bbox 1240 2410 1315 2436; x_wconf 85' lang='lat' dir='ltr'>uvae</span> <span class='ocrx_word' id='word_1_542' title='bbox 1323 2398 1459 2437; x_wconf 82' lang='lat' dir='ltr'>bortum</span> <span class='ocrx_word' id='word_1_543' title='bbox 1473 2396 1647 2437; x_wconf 69' lang='lat' dir='ltr'>artificiose</span> <span class='ocrx_word' id='word_1_544' title='bbox 1661 2398 1856 2447; x_wconf 85' lang='lat' dir='ltr'>depingens,</span> <span class='ocrx_word' id='word_1_545' title='bbox 1864 2397 1935 2434; x_wconf 83' lang='lat' dir='ltr'>avi-</span> 
     </span>
     <span class='ocr_line' id='line_1_96' title="bbox 1084 2443 1936 2497; baseline 0.001 -15"><span class='ocrx_word' id='word_1_546' title='bbox 1084 2445 1176 2483; x_wconf 82' lang='lat' dir='ltr'>culas</span> <span class='ocrx_word' id='word_1_547' title='bbox 1197 2446 1285 2485; x_wconf 81' lang='lat' dir='ltr'>fallit</span> <span class='ocrx_word' id='word_1_548' title='bbox 1305 2447 1388 2485; x_wconf 88' lang='lat' dir='ltr'>illuc</span> <span class='ocrx_word' id='word_1_549' title='bbox 1398 2449 1635 2492; x_wconf 74' lang='lat' dir='ltr'>convolantes3</span> <span class='ocrx_word' id='word_1_550' title='bbox 1654 2450 1710 2497; x_wconf 90' lang='lat' dir='ltr'>qui</span> <span class='ocrx_word' id='word_1_551' title='bbox 1729 2460 1840 2484; x_wconf 83' lang='lat' dir='ltr'>tamen</span> <span class='ocrx_word' id='word_1_552' title='bbox 1866 2446 1879 2483; x_wconf 90' lang='lat' dir='ltr'>i</span> <span class='ocrx_word' id='word_1_553' title='bbox 1904 2443 1936 2484; x_wconf 80' lang='lat' dir='ltr'>se</span> 
     </span>
     <span class='ocr_line' id='line_1_97' title="bbox 1084 2493 1934 2549; baseline 0.011 -17"><span class='ocrx_word' id='word_1_554' title='bbox 1084 2493 1201 2544; x_wconf 68' lang='lat' dir='ltr'>paullo</span> <span class='ocrx_word' id='word_1_555' title='bbox 1213 2498 1287 2546; x_wconf 82' lang='lat' dir='ltr'>post</span> <span class='ocrx_word' id='word_1_556' title='bbox 1303 2498 1496 2536; x_wconf 58' lang='lat' dir='ltr'>{Parrhafio</span> <span class='ocrx_word' id='word_1_557' title='bbox 1509 2522 1521 2542; x_wconf 80' lang='lat'><strong>,</strong></span> <span class='ocrx_word' id='word_1_558' title='bbox 1531 2499 1675 2539; x_wconf 84' lang='lat' dir='ltr'>linteum</span> <span class='ocrx_word' id='word_1_559' title='bbox 1690 2499 1863 2549; x_wconf 69' lang='lat' dir='ltr'>pingente»</span> <span class='ocrx_word' id='word_1_560' title='bbox 1896 2506 1934 2535; x_wconf 72' lang='grc' dir='ltr'>θ·</span> 
     </span>
     <span class='ocr_line' id='line_1_98' title="bbox 1081 2546 1521 2600; baseline 0.02 -19"><span class='ocrx_word' id='word_1_561' title='bbox 1081 2546 1215 2594; x_wconf 82' lang='lat' dir='ltr'>cipitur.</span> <span class='ocrx_word' id='word_1_562' title='bbox 1259 2550 1442 2600; x_wconf 79' lang='lat' dir='ltr'>Antiquitas</span> <span class='ocrx_word' id='word_1_563' title='bbox 1462 2556 1521 2591; x_wconf 79' lang='lat'>80·</span> 
     </span>
    </p>
   </div>
   <div class='ocr_carea' id='block_1_5' title="bbox 1787 3227 1901 3278">
    <p class='ocr_par' dir='ltr' id='par_1_34' title="bbox 1787 3227 1901 3278">
     <span class='ocr_line' id='line_1_99' title="bbox 1787 3227 1901 3278; baseline 0.026 -3"><span class='ocrx_word' id='word_1_564' title='bbox 1787 3227 1901 3278; x_wconf 82' lang='lat' dir='ltr'>IN-</span> 
     </span>
    </p>
   </div>
  </div>
 </body>
</html>
