2169 3496
611 671 1473 743 LECTOREM.

194 839 201 850 ,
308 800 331 862 ἶ.
352 790 439 876 {⁵}
453 812 589 855 Nnus
614 804 912 863 imminebat,
949 820 1091 869 quem
1113 802 1359 852 solenniter
1382 800 1525 852 mod&
1557 803 1757 868 agimus,
1791 800 1976 852 Mfflefi‘

479 889 574 919 muS,
588 874 959 930 Septingentefimus,
969 873 1238 914 Duodecimus
1250 899 1261 917 ‚
1284 873 1441 912 invectae
1453 871 1501 912 ad
1516 871 1976 917 SS.UDALR1CUM,&

124 975 135 984 x
170 982 180 990 ι
198 981 203 989 Ι
368 973 379 978 ,,
404 940 443 965 Ἃ
479 933 676 977 AFRAM,
690 932 945 972 Benedieh'na:
962 931 1099 972 nostrae
1115 930 1280 971 coloniae
1294 929 1451 985 septima
1462 933 1543 970 vice
1557 929 1760 976 Saecularis,
1773 932 1862 969 cum
1878 933 1976 970 inte-

149 1034 152 1041 .
231 994 334 1031 Ε’ᾝΨῬ
392 995 443 1045 ”ig-‚J
478 993 554 1031 rior
568 989 741 1031 Ecclefiae
761 990 897 1031 nostrae
927 990 1149 1031 Monastico
1163 1016 1179 1021 -
1194 987 1425 1029 parochialis
1448 987 1580 1033 facies,
1612 988 1659 1027 ad
1678 1003 1839 1027 omnem
1852 987 1975 1043 splen·

293 1050 365 1102 (Ἣ
406 1042 437 1104 Ἣ,
479 1047 635 1094 dorem,
672 1062 716 1089 ac
741 1049 1001 1103 majestatem,
1033 1051 1182 1088 noviter
1204 1047 1427 1087 exornanda
1450 1045 1732 1103 suscipiebatur,
1763 1045 1971 1101 decoriQue

408 1109 411 1110 ⁷
477 1108 748 1153 DomfisDEI,
785 1121 844 1148 tot
856 1107 1504 1164 pretiosisSanctorumMartyrum,
1537 1120 1579 1145 ac
1596 1104 1868 1160 Episcoporum
1880 1120 1970 1145 exu-

102 1167 171 1220 vijs
193 1166 368 1221 inclytae,
400 1165 662 1222 multipliciter
681 1165 981 1222 amplificando,
1024 1165 1136 1205 nullae
1163 1164 1680 1219 formidabanturimpenlae,
1710 1162 1970 1218 compluribus

102 1224 321 1280 opificibus,
357 1222 660 1279 artificibust'que,
687 1224 807 1281 longo
832 1223 1047 1265 admodum
1067 1237 1241 1278 tempore
1259 1250 1269 1267 ,
1310 1223 1370 1277 pia
1393 1251 1403 1267 ,
1436 1221 1497 1262 sed
1519 1221 1748 1262 foeneratitia
1776 1224 1971 1262 Revereri·

103 1283 236 1323 dillimi
252 1312 261 1328 ‚
294 1297 339 1322 ac
356 1281 580 1337 Ampliffimi
602 1285 795 1328 Domini,
828 1281 1122 1323 Domininostri
1136 1281 1292 1321 Abbatis
1316 1285 1361 1319 W
1376 1282 1388 1319 1
1403 1282 1502 1321 LlB
1516 1282 1547 1320 A
1561 1282 1643 1320 LD
1662 1282 1676 1319 l
1704 1279 1970 1335 prodigalitate

101 1345 142 1381 in
155 1341 392 1382 Monasterio
415 1340 636 1380 sustentatis.
698 1341 771 1380 His
796 1340 1117 1396 igituromnibus,
1150 1338 1269 1378 labori
1281 1337 1456 1391 quolibet
1469 1339 1551 1382 luo,
1583 1353 1626 1377 ac
1645 1338 1854 1380 industriae,
1881 1337 1970 1378 stre-

101 1398 178 1440 nua
197 1400 592 1443 affiduirareintentis,
623 1399 865 1438 occasionem
888 1397 1020 1454 sumpsi
1048 1404 1087 1438 ὃς
1113 1410 1209 1452 ego,
1241 1409 1377 1435 vacuas
1420 1396 1469 1446 (fi
1487 1411 1571 1450 quae
1593 1396 1817 1451 superell'ent
1841 1396 1972 1451 aquo-

102 1458 254 1498 tidianis
269 1471 365 1497 curae
378 1456 608 1496 Parochialis
626 1458 813 1513 negotijs)
846 1457 956 1496 horas
977 1459 1016 1494 in
1039 1456 1077 1495 id
1101 1454 1347 1510 impendere,
1378 1468 1419 1494 ur
1437 1457 1545 1509 Opus
1563 1453 1761 1508 quoddam
1789 1455 1972 1495 Chi-ono·

101 1515 350 1571 graphicum,
379 1517 496 1556 Anno
508 1518 697 1560 currenti,
726 1530 770 1556 ac
792 1513 939 1557 Saeculo
954 1514 1083 1554 nostro
1107 1513 1239 1569 septies
1265 1511 1439 1553 absoluto
1465 1512 1791 1568 correspondens,
1823 1526 1892 1568 pro
1917 1527 1972 1553 te-

102 1577 246 1614 nuitate
258 1573 358 1619 mea,
375 1575 414 1612 in
427 1573 555 1614 lucem
570 1573 800 1630 proferrem:
832 1572 1037 1629 indignum
1058 1571 1225 1612 omnino
1244 1586 1362 1617 ratuS,
1392 1570 1543 1626 reliquis
1559 1574 1598 1610 in
1618 1569 1830 1611 Parochiali
1843 1571 1973 1612 nostrii

101 1632 266 1673 Ecclesia
287 1630 485 1688 splendide
511 1631 738 1673 adornanda
759 1645 838 1673 tam
864 1630 1002 1672 assidue
1046 1629 1328 1676 laborantibus,
1360 1629 1482 1671 solum
1523 1645 1605 1670 non
1645 1627 1818 1670 laborare
1857 1632 1973 1671 Paro-

99 1691 240 1737 chum,
270 1693 434 1747 tempori
453 1689 628 1732 Saeculari
649 1690 710 1733 vel
730 1690 819 1732 ideo
841 1689 924 1747 plus
955 1693 1097 1730 caeteris
1134 1689 1370 1746 obligatum,
1398 1691 1488 1744 quia
1507 1689 1625 1729 Anno
1656 1687 1823 1728 similiter
1849 1691 1974 1729 Saecu-

103 1748 197 1796 lari,
233 1749 443 1791 Millelimo
469 1752 665 1796 nimirum,
700 1748 1067 1806 Septingentesimo,
1104 1748 1153 1788 ad
1165 1763 1269 1789 curas
1288 1744 1528 1788 Parochiales
1544 1746 1707 1804 gratiose
1727 1745 1971 1803 assumptum,

101 1822 213 1863 atque
238 1808 355 1849 nostri
376 1811 589 1850 etiamnum
609 1808 741 1850 Saeculi
759 1822 934 1864 tempore
954 1835 963 1854 ,
996 1807 1199 1863 indignum
1229 1805 1342 1851 licet,
1375 1806 1479 1846 idem
1498 1818 1636 1846 munus
1656 1819 1722 1861 per
1741 1805 1972 1847 Parochiam

73 1891 75 1894 ·
102 1867 269 1908 nostram
291 1865 567 1908 Udalricanam'
601 1866 866 1908 administrare
898 1864 1125 1923 permissum.
1276 1863 1395 1905 Porro
1417 1863 1518 1906 circa
1548 1867 1773 1907 materiam,
1805 1862 1972 1921 propost-

100 1937 144 1965 to
164 1925 253 1966 huic
274 1928 436 1982 negotio
464 1924 737 1977 subiiciendam
752 1954 762 1972 ,
793 1925 887 1966 dum
921 1923 1103 1980 paulisper
1125 1920 1334 1963 haefitarem
1349 1952 1358 1969 ,
1388 1925 1626 1979 quantocyus
1646 1925 1687 1962 in
1713 1936 1887 1963 mentem
1906 1939 1970 1964 veo

101 1987 158 2024 nit
182 1984 265 2027 illa,
294 1998 379 2038 quae
405 1998 453 2024 ex
480 1983 624 2025 melleo
645 1982 940 2026 Clarevallensis
965 1983 1083 2023 nostri
1103 1981 1261 2022 Abbatis
1277 1980 1456 2035 eloquio,
1486 1987 1584 2021 serm.
1594 1998 1627 2021 2.
1654 1981 1687 2020 in
1703 1984 1832 2020 Pentec.
1855 1983 1971 2038 Nego-

101 2043 181 2081 tium
193 2043 246 2082 est
262 2044 399 2081 omnium
409 2043 616 2088 Saeculorum,
644 2057 728 2096 quae
747 2045 864 2083 etiam
875 2041 1124 2082 dulcissimam
1141 2041 1192 2081 sui
1207 2044 1451 2086 memoriam,
1463 2039 1642 2081 similibus
1657 2041 1861 2096 praelertim
1871 2053 1970 2081 tem-

102 2100 267 2156 poribus,
293 2099 525 2156 singulariter
559 2099 760 2157 exposcere
794 2100 943 2141 videtur
962 2130 973 2146 ‚
1012 2100 1166 2140 dicens:
1199 2100 1365 2138 'Memoria
1394 2114 1465 2138 mea
1488 2099 1521 2137 in
1538 2098 1742 2155 generatione
1766 2097 1964 2140 Saeculorum.

101 2160 216 2198 Eccli.
235 2176 264 2198 c.
283 2174 337 2209 24.
366 2174 399 2198 v.
415 2163 468 2199 28.
529 2158 739 2215 Eapropter
765 2185 777 2201 ‚
808 2161 897 2198 cum
925 2159 1120 2214 pusillimae
1146 2158 1252 2209 liujus
1269 2159 1410 2203 DEI,
1443 2155 1727 2212 hominquue
1752 2156 1974 2197 communis

101 2218 272 2257 Parentis
295 2216 481 2271 obsequiis
503 2233 567 2257 me
591 2219 668 2271 jam
689 2217 838 2273 pridem
869 2217 1035 2257 millenis
1066 2232 1113 2256 ex
1147 2215 1262 2257 titulis
1291 2214 1521 2256 dedicalstm
1538 2245 1546 2259 ,
1578 2230 1691 2270 atque
1717 2215 1865 2271 saepiiis,
1897 2214 1975 2270 quss

101 2278 140 2315 in
156 2292 192 2315 re
215 2277 375 2316 tandem
398 2290 635 2332 conceptum
647 2278 738 2316 DEI
755 2278 964 2317 Genitricis
989 2290 1183 2321 amorem,
1216 2273 1512 2330 promptamqtie
1539 2275 1624 2328 Ejus
1650 2273 1809 2314 honoris
1832 2288 1902 2330 pro
1917 2280 1973 2316 vi-

101 2334 200 2374 ribus
223 2335 480 2389 promovendi
507 2333 749 2375 voluntatem
781 2332 994 2390 patefacere
1030 2332 1199 2390 possem,
1241 2332 1398 2374 sollicite
1442 2348 1596 2379 mecum
1629 2332 1704 2388 ipse
1732 2333 1967 2374 meditarert

101 2392 258 2433 scribere
278 2392 438 2433 demum
455 2421 463 2437 ,
496 2393 697 2434 occasione
721 2391 958 2434 dictiSaeculi
973 2392 1114 2438 nostri,
1145 2391 1322 2445 quaedam
1339 2390 1519 2432 constitui
1541 2391 1589 2431 de
1602 2392 1777 2432 MARIA
1792 2416 1803 2434 ‚
1836 2394 1971 2446 &quia

100 2452 190 2491 dem
203 2451 279 2497 sine
292 2450 499 2494 ‚omnilabe
530 2451 741 2508 concepta,
772 2465 831 2492 tot
852 2450 961 2492 Illam
978 2451 1121 2492 vicibus
1133 2450 1482 2506 Chronographice
1502 2448 1725 2490 exhibendo
1747 2448 1972 2490 immacula-

100 2523 181 2551 tam
194 2540 202 2555 ,
233 2524 331 2565 quot
351 2525 475 2550 annos
488 2510 692 2557 hactenus,
723 2513 906 2551 nimiriim
923 2510 1203 2566 septingentos,
1220 2511 1480 2550 Bi-:Ni-:mcrmi
1495 2506 1543 2549 ad
1563 2511 1622 2550 SS.
1638 2508 1969 2550 UDALRICUM

30 2590 32 2592 ·
99 2571 364 2615 &AFRAM,
394 2570 512 2611 DEO
539 2567 790 2611 conservante
815 2571 1108 2611 numeravimus.
1196 2567 1302 2609 Huic
1324 2581 1417 2624 ergo
1439 2571 1598 2624 negotio
1629 2580 1712 2607 non
1742 2565 1868 2607 obiter
1884 2579 1969 2607 tan-

100 2629 184 2668 tum
195 2626 454 2684 perficiendo,
485 2626 588 2669 haud
600 2626 720 2674 secus,
751 2641 796 2669 ac
817 2626 842 2668 fi
862 2626 1040 2669 structura
1055 2624 1232 2682 quaedam
1250 2624 1416 2667 sublimis
1430 2651 1442 2669 ‚
1471 2638 1585 2680 atque
1610 2622 1764 2682 elegans
1784 2623 1880 2664 mihi
1896 2628 1970 2664 eri-

101 2688 228 2741 genda
249 2685 368 2731 soret,
396 2687 520 2726 varios
543 2687 635 2728 hinc
657 2685 748 2727 inde
770 2685 916 2743 lapides
951 2684 1114 2742 collegi,
1139 2697 1184 2725 ac
1216 2685 1374 2739 quidem
1396 2699 1467 2741 pro
1492 2683 1749 2725 fundamento
1782 2695 1969 2724 centenos

102 2750 221 2785 §acrae
239 2753 436 2801 §cripturae
449 2746 594 2786 Textus
617 2744 782 2786 studiose
803 2744 1037 2800 conquisitos
1066 2742 1190 2800 posui,
1217 2746 1258 2783 in
1288 2743 1490 2797 subjectam
1514 2743 1795 2797 Conceptionis
1816 2743 1969 2782 materi-

103 2819 165 2843 am
181 2831 190 2846 ‚
223 2803 324 2844 facili
360 2812 425 2853 (ut
436 2803 531 2843 mihi
545 2802 744 2845 videbatur
764 2809 774 2854 )
807 2802 960 2850 labore,
983 2802 1152 2844 totidem
1170 2800 1438 2858 Conceptibus
1453 2800 1712 2857 explicandos
1773 2798 1970 2841 Centenas

103 2862 282 2917 praeterea
317 2866 561 2903 Summorum
585 2862 840 2909 Pontificum,
877 2859 1172 2907 Conciliorum,
1215 2859 1276 2903 vel
1311 2861 1414 2901 certe
1451 2862 1606 2901 Parrum
1635 2855 1868 2915 diversorum
1890 2860 1968 2899 Au-

102 2924 319 2965 tlioritates,
349 2920 454 2974 quasi
474 2921 639 2962 totidem
667 2919 892 2967 columnas,
922 2918 1172 2962 sustentandae
1185 2919 1281 2960 moli
1303 2917 1520 2959 neceffarias
1539 2912 1714 2956 substitui.
1774 2912 1969 2958 Fenestra-

103 2994 185 3019 rum
200 2979 301 3024 loco,
331 2994 396 3034 per
412 2993 502 3033 quas
519 2977 649 3019 lumen
663 2983 903 3035 reciperetur,
934 2991 1093 3019 centum
1105 2979 1314 3022 Rationes,
1342 2976 1401 3017 seu
1423 2971 1616 3031 singularis
1627 2973 1735 3027 hujus
1750 2973 1968 3017 MARMNAE

103 3042 360 3094 pratrsigativae
391 3041 680 3093 congruentias,
710 3052 758 3077 ex
786 3036 936 3078 diversis
965 3035 1206 3078 facultatibus
1247 3038 1382 3091 petitas
1419 3033 1584 3087 adjunxi.
1644 3031 1704 3073 Ad
1746 3034 1969 3075 interiorem

104 3097 295 3151 quendam
308 3096 456 3150 aedificij
475 3108 655 3136 ornatum
677 3123 687 3141 ,
718 3096 927 3141 Historias,
957 3094 1018 3136 seu
1038 3094 1222 3136 miracula
1247 3105 1405 3133 centum
1426 3092 1474 3132 de
1489 3091 1626 3131 eadem
1642 3089 1800 3131 materia
1821 3120 1833 3137 ,
1864 3091 1970 3145 quasi

103 3156 266 3196 totidem
278 3154 470 3210 elegantes
492 3156 652 3211 piel-uras
674 3153 840 3194 exhibui.
898 3155 1070 3196 Centum
1086 3151 1233 3208 insuper
1245 3149 1450 3206 Symbola,
1482 3149 1541 3190 stu
1553 3147 1806 3191 Emblernata,
1828 3150 1968 3206 purissi-

1040 3207 1114 3260 (b)
1845 3221 1917 3248 mae
