2159 3508
121 474 149 500 in
168 474 273 509 Matth,

113 1244 147 1272 de
161 1245 244 1273 Laud.

113 1286 194 1325 Virg.

88 2780 151 2809 isai.
162 2791 187 2815 c,
200 2793 244 2818 ¹4·

89 2831 159 2852 ιη.

85 3053 171 3076 e.19.v
190 3055 233 3079 ²5·

331 101 432 171 308

291 192 519 250 telligendus
537 190 590 231 est
601 194 707 231 enim
727 190 835 245 loqui
845 189 894 230 de
918 190 982 243 ijs,
1010 192 1075 243 qui

293 253 340 292 de
385 251 563 295 muliere,
588 247 755 305 suscepto
801 248 960 293 semine,
991 262 1075 287 non

291 313 356 363 qui
378 310 425 348 de
449 311 606 363 Virgine
627 336 637 353 ‚
669 322 716 347 ex
760 309 896 347 virtute
921 305 1076 362 Spiritfis

292 370 428 411 Sancti,
460 370 541 406 nati
559 364 658 405 sunt:
689 368 743 405 ita
771 367 877 404 enim
910 362 1077 419 explicat

291 439 452 480 magnus
490 424 662 464 Eccleiiae
692 424 844 463 Doctor
879 408 1075 476 Hierony-

292 498 374 522 mus
388 512 397 528 ,
428 482 522 522 dum
536 486 610 522 ait:
637 482 708 521 His
723 481 819 536 igitur
832 481 999 536 praeftrtur
1019 480 1073 518 ho-

290 541 426 579 minibus
442 569 451 585 ‚
482 541 536 596 qui
565 538 602 578 de
621 538 803 579 mulieribus
827 540 894 577 nati
908 537 1006 592 fiant,
1036 546 1074 579 &¹

289 598 326 637 de
353 598 515 637 concubitu
547 599 616 637 wiri
634 627 643 643 ,
676 605 714 639 (9⁶
730 613 792 635 non
816 597 863 638 ei,
894 597 947 652 qui
972 596 1011 648 est
1033 612 1074 634 ex

288 658 441 711 Virgine,
474 664 511 698 (φ
529 656 783 711 spuitusanaeflo.
815 655 887 696 Sed
905 652 1073 710 hocipio

288 729 434 755 novum
464 718 631 753 exoritur
660 712 847 753 dubium:
881 714 981 768 Ergo
1008 711 1074 752 lal-

287 787 367 812 tem
379 777 574 823 Joannem
595 769 665 812 elle
683 770 893 811 Beatiffimfi
915 773 1074 826 Virgine

286 833 369 871 MA
382 844 407 869 R
421 846 433 869 1
451 845 477 870 A
505 830 657 884 majorem
672 859 681 875 ,
713 829 924 870 dicendum
967 832 1038 868 erit
1061 843 1068 862 :

284 887 448 943 eoquod
485 887 603 928 ambo
630 890 710 928 nati
734 888 805 928 sint
839 887 887 927 de
911 885 1070 927 muliere

284 961 365 987 non
406 949 588 1002 Virgine,
622 952 662 988 ὅ(
700 949 837 987 virtute
859 944 1028 985 humana
1057 957 1068 984 .>

281 1007 413 1045 vei-sim
448 1005 487 1044 id
512 1018 630 1044 nemo
650 1002 801 1044 asserere
824 1002 1021 1059 praesumat
1056 1020 1066 1049 3

282 1066 373 1103 esim
384 1062 495 1102 fuerit
513 1061 577 1103 illa
588 1067 738 1115 Joanne
749 1091 760 1108 ,
800 1067 840 1103 &
851 1059 959 1100 simul
983 1075 1069 1101 om-

282 1121 392 1161 nibus
414 1123 555 1162 Sanctis
571 1150 580 1166 ‚
612 1122 772 1164 merito,
804 1125 844 1160 &
862 1120 1068 1160 Sanctitate

282 1181 407 1233 major,
438 1177 640 1218 attestante
669 1177 708 1217 id
736 1176 955 1217 D.Andre?1
974 1179 1068 1218 Cre-

282 1236 396 1276 tenfit
427 1237 692 1293 ExceptoDEO‚
709 1234 829 1290 filaest
844 1235 1068 1274 omnibusma-

274 1298 338 1350 jor.
369 1293 573 1348 quomodo
600 1308 694 1350 ergo
714 1292 922 1349 supradicta
946 1297 1068 1334 incre-

281 1368 350 1393 atae
378 1355 577 1409 Sapientiae
596 1352 712 1393 verba
747 1351 930 1393 verificari
958 1366 1067 1408 pote-

280 1425 379 1455 runt,
392 1409 526 1465 quibus
540 1409 674 1451 falsum
687 1408 824 1450 subesse
837 1425 918 1450 non
930 1410 1069 1466 potest?

395 1468 557 1511 Videtur
588 1482 715 1509 autem
745 1468 862 1513 mihi,
892 1468 971 1508 hoc
989 1469 1068 1523 ipso

278 1530 483 1573 encomio,
514 1525 758 1567 immaculata
780 1528 904 1581 potitis
926 1529 967 1566 B.
981 1529 1068 1568 Vir-

279 1588 377 1640 ginis
399 1586 621 1641 Conceptio
646 1585 924 1640 depraedicata,
948 1583 1067 1640 quam

277 1642 452 1699 Baptistae
474 1642 700 1683 excellentia
725 1641 939 1683 celebrata·-
972 1643 1066 1696 quid

276 1704 382 1741 enirn
432 1701 498 1741 sibi
534 1700 615 1742 vult
645 1702 849 1741 terminus:
870 1699 1015 1754 surrexit
1052 1729 1064 1747 ‚

273 1774 388 1813 quare
413 1774 495 1799 non
516 1759 659 1799 dictum
679 1760 828 1814 potins:
861 1758 946 1798 inter
968 1772 1063 1799 natos

272 1817 438 1857 mulierum
463 1833 524 1856 non
538 1817 700 1870 tstnatus,
728 1832 789 1855 non
806 1816 945 1870 estortus
958 1845 969 1862 ‚
999 1833 1061 1857 non

272 1876 363 1914 ‘venit
373 1876 405 1914 in
416 1874 602 1915 mundum?
628 1890 695 1915 cur
717 1873 855 1915 dicitur
882 1889 890 1912 ε
920 1874 1060 1930 nonfur-

272 1934 356 1972 rexit
365 1935 466 1988 major
475 1935 500 1972 ,Ρ
528 1933 722 1973 iciendum
733 1935 864 1989 igitur,
877 1931 982 1988 quod
985 1932 1060 1988 sur-

265 2008 340 2047 gere
353 1991 616 2048 praesupponat
627 1989 755 2030 cadere:
789 2006 915 2046 neque
927 1990 975 2031 de
987 2006 1060 2031 ter-

272 2049 312 2089 ra
332 2050 465 2104 aliquis
477 2049 590 2106 iizrgit
602 2079 612 2095 ‚
644 2052 737 2104 quin
755 2052 853 2105 prins
866 2049 1059 2096 ceciderit,

270 2107 363 2147 hinc
384 2110 473 2147 cnm
494 2123 575 2148 non
598 2107 792 2147 surrexerit
813 2109 914 2161 major
928 2109 1058 2154 Joanne

269 2166 434 2222 Baptista,
464 2166 503 2206 id
533 2166 581 2207 de
593 2169 739 2206 Mum
761 2164 1057 2222 intelligendum

270 2227 352 2269 erit,
369 2239 451 2278 quae
468 2222 545 2265 sola
560 2254 569 2271 ‚
587 2223 672 2280 post
683 2223 898 2269 Christum,
929 2225 1056 2272 Joanne

268 2283 369 2336 major
390 2286 536 2329 extitit,
575 2282 635 2323 vel
659 2280 748 2322 ideo
777 2297 861 2322 non
887 2281 1055 2338 fingens,

267 2343 354 2393 quia
377 2355 576 2394 nunquam
608 2344 648 2380 in
688 2339 874 2395 originale
904 2341 1051 2398 cecidit.

266 2399 473 2453 perpendit
507 2401 690 2439 nimirhm
734 2400 904 2440 MARM,
935 2398 1052 2452 quam

259 2455 387 2496 'nullus
415 2458 522 2512 pejor
549 2456 592 2497 sit
609 2455 787 2502 morbus,
822 2455 963 2497 morbo
990 2472 1051 2498 ca-

263 2515 386 2560 duco,
421 2521 462 2556 &
506 2514 629 2555 nullus
679 2514 801 2571 magis
840 2515 1003 2561 caducus
1036 2545 1048 2563 ,

261 2573 379 2626 quan:
400 2587 600 2629 peccatum
629 2602 640 2619 ‚
671 2588 750 2627 quo
771 2588 854 2613 non
878 2573 1048 2619 humana

259 2634 408 2671 tantum
427 2660 437 2677 ,
466 2630 527 2671 sed
537 2631 724 2686 Angelica
743 2645 898 2685 quoque
914 2645 1047 2674 natura

259 2689 388 2729 colliia
415 2689 467 2729 est
487 2718 498 2735 ,
534 2689 798 2745 lachrymante
831 2689 1043 2745 Propheta:

259 2747 420 2805 Qomodi')
436 2747 565 2802 cecidisti
576 2748 727 2802 Lucifer,
749 2748 803 2802 qui
818 2747 909 2786 munex
924 2747 1045 2787 orieba-

261 2807 341 2844 ris?
377 2806 518 2845 cecidit
539 2806 586 2846 de
606 2804 722 2847 Coelo
742 2804 913 2845 Lucifer:
944 2809 1044 2845 ceci-

257 2864 312 2902 dit
324 2863 547 2905 deParadiso
557 2864 693 2904 Adam:
708 2877 862 2917 uterque
872 2878 1041 2918 peccato.

256 2921 342 2962 Sola
358 2924 469 2977 igitur
496 2925 595 2962 inter
609 2922 749 2962 Adami
763 2921 932 2977 posteros
950 2950 960 2967 ,
990 2923 1039 2961 in-

253 2993 300 3017 ter
314 2994 404 3018 natos
419 2981 596 3026 mulierum,
616 2995 697 3020 non
714 2978 866 3020 surrexit
876 2982 1036 3026 MARIA,

252 3036 300 3075 de
320 3050 394 3088 qua
429 3043 617 3086 Joannes:
649 3037 766 3077 Stabat
783 3039 884 3092 juxta
912 3041 1036 3077 Crucem

250 3096 388 3141 JESH,
421 3096 540 3133 ‘Mater
558 3098 632 3149 ejus.
677 3111 717 3137 ut
732 3095 830 3136 adeo
852 3095 877 3136 fi
893 3111 1037 3150 quaera-

249 3167 331 3192 mus
369 3170 374 3189 z
409 3152 565 3204 quidm
602 3153 679 3193 hoc
713 3154 863 3193 mundo
909 3153 1038 3194 fecerit

699 93 788 152 De
806 88 1093 170 Concepta
1106 91 1258 150 Sacra
1270 89 1518 170 Deipara,

1124 191 1272 243 Virgo?
1303 187 1359 227 nil
1379 188 1421 228 s1t
1452 187 1554 228 aliud
1578 187 1885 244 respondendum
1902 216 1912 233 ‚

1123 245 1240 299 quam
1257 264 1264 285 :
1283 246 1380 300 stetit.
1421 246 1514 299 quid
1545 249 1585 286 in
1603 259 1815 302 conceptu?
1842 246 1914 287 ste-

1124 307 1179 344 tit.
1212 304 1352 357 quidin
1365 316 1473 344 ortu?
1503 304 1615 344 stetit.
1646 305 1786 358 quidin
1807 319 1912 344 mor*

1125 376 1162 402 te
1193 362 1275 415 Filij
1302 374 1312 401 ?
1353 361 1466 402 stetit.
1498 362 1642 407 verbo,
1662 361 1773 414 stabat
1800 377 1875 402 una
1899 391 1908 406 ,

1125 433 1210 460 toto
1235 419 1327 460 orbe
1348 420 1533 466 cadente,
1565 423 1683 461 etiam
1706 419 1785 475 ipso
1796 434 1911 475 3mag-

1125 493 1178 517 no
1205 483 1356 530 Joanne
1388 478 1561 533 Baptista.
1609 481 1692 532 quis
1720 492 1812 533 ergo
1830 492 1912 517 non

1123 536 1248 582 videt,
1281 538 1465 575 internatas
1485 538 1671 581 mulierum,
1703 536 1781 591 ipso
1793 539 1911 575 etiam

1123 609 1267 650 magno
1290 594 1512 650 praecursore
1531 621 1541 637 ‚
1563 597 1743 634 MARIAM
1760 595 1910 648 majorem

1122 652 1216 692 elle?
1254 652 1435 694 Celebret
1460 651 1582 693 modo
1620 651 1912 707 Chryiostomus

1123 710 1353 767 dignitatem
1365 710 1562 766 Baptistae‚
1586 711 1643 750 his
1664 709 1806 751 verbis·-
1837 709 1911 749 Cum

1123 768 1168 806 ad
1183 785 1239 808 nos
1253 768 1424 824 adveniffit
1435 767 1628 825 Redemptor
1651 769 1744 823 mstri
1759 768 1886 823 generis
1897 795 1909 813 ‚

1124 828 1215 866 'venit
1228 826 1376 882 protinus
1395 826 1440 866 ad
1447 827 1542 882 ficum
1567 827 1702 866 amicum
1727 828 1907 874 Joannem,

1121 883 1197 924 dum
1225 884 1327 924 adhuc
1358 883 1427 941 effit
1453 886 1487 924 in
1515 898 1629 925 ‘ventre
1650 885 1763 924 matri&
1779 901 1790 923 .·
1818 898 1908 940 quem

1117 942 1186 982 cum
1224 959 1267 981 ex
1298 957 1407 986 utero,
1436 959 1470 982 m
1495 957 1618 982 uterum
1656 938 1817 999 aspexiſjet
1842 943 1908 989 Jo-

1121 1015 1241 1047 amzes,
1267 1002 1416 1040 terminos
1434 1015 1554 1040 natum
1573 1004 1768 1045 concutiens,
1798 999 1907 1039 excla-

1119 1072 1206 1099 mat:
1238 1062 1279 1098 V
1278 1057 1346 1097 ideo
1365 1059 1539 1098 Dominum
1553 1088 1564 1104 ‚
1598 1060 1651 1115 qui
1670 1073 1791 1098 nature
1807 1059 1905 1114 impo-

1109 1116 1176 1170 fhit
1197 1117 1346 1156 terminos
1375 1132 1382 1155 :
1426 1115 1629 1157 celebrabo
1659 1131 1732 1172 ego
1762 1119 1906 1171 potiori

1115 1175 1195 1228 jure
1207 1177 1387 1215 MARIAM
1404 1193 1413 1221 3
1445 1177 1535 1215 ci'im
1551 1178 1656 1214 enim
1666 1175 1844 1215 nondnm
1856 1173 1907 1215 ad

1116 1247 1188 1273 nos
1198 1233 1403 1273 advenisset
1419 1233 1661 1289 Redemptor
1676 1236 1822 1289 generis
1835 1231 1908 1273 hu-

1116 1293 1243 1337 mani,
1268 1294 1374 1333 venit
1389 1306 1519 1331 tamen
1530 1294 1703 1347 protiniis·
1720 1292 1769 1331 ad
1784 1289 1903 1335 illam,

1119 1362 1303 1403 tanquam
1316 1353 1482 1390 amicam
1497 1348 1598 1390 suam
1613 1348 1900 1394 dilectiffimam‚

1118 1408 1364 1462 Matremque
1395 1407 1559 1449 futuram
1580 1437 1592 1454 ,
1631 1423 1714 1448 non
1735 1410 1899 1453 tantiam,

1118 1465 1212 1505 dum
1237 1480 1282 1506 ea
1299 1465 1423 1505 adhuc
1439 1464 1528 1506 esset
1552 1469 1592 1506 in
1611 1479 1744 1506 ventre
1756 1469 1899 1511 matris,

1115 1522 1178 1563 sed
1194 1526 1560 1580 quamprimhrmper
1571 1526 1898 1580 Conceptionem,

1116 1596 1292 1622 ventrem
1303 1585 1434 1622 matris
1446 1581 1563 1622 subire
1576 1582 1709 1622 datum
1719 1582 1782 1622 est.
1828 1583 1900 1622 Fu-

1115 1642 1186 1679 erit
1225 1639 1391 1694 Baptista
1422 1645 1590 1691 Joannes
1622 1641 1899 1696 Prophetarum

1113 1711 1323 1743 maximus,
1352 1700 1440 1752 qui,
1470 1712 1587 1752 quem
1598 1701 1723 1738 caeteri
1738 1701 1899 1753 promit-

1113 1754 1249 1796 tebant
1272 1784 1283 1800 ,
1310 1755 1386 1811 ipse
1401 1756 1525 1812 digito
1549 1755 1796 1796 monstraret:
1831 1755 1900 1797 fuit

1110 1826 1242 1854 tamen
1274 1812 1344 1854 illo
1377 1813 1577 1870 Prophetis
1597 1816 1744 1855 MARIA
1762 1815 1866 1869 major
1886 1843 1897 1860 ,

1109 1887 1193 1926 quae
1214 1871 1382 1913 eundem
1402 1879 1440 1914 &
1461 1875 1689 1928 concipere,
1719 1879 1760 1915 &
1779 1887 1895 1914 mun-

1109 1929 1162 1971 do
1173 1945 1301 1986 parere
1311 1957 1323 1973 ‚
1354 1936 1395 1972 &
1414 1930 1517 1972 casto
1529 1933 1673 1986 pectori
1690 1930 1899 1988 adstringe-

1109 2004 1160 2035 re,
1177 2003 1377 2043 nunquam
1398 2003 1480 2030 non
1496 1989 1551 2029 est
1564 1988 1659 2030 ausa.
1719 1988 1787 2030 Ille
1805 2004 1898 2046 prae-

1109 2045 1233 2087 cursor
1255 2046 1309 2087 est
1321 2049 1507 2093 Domini,
1538 2062 1655 2103 quem
1683 2047 1752 2088 ista
1771 2047 1898 2089 stecum

1109 2104 1271 2146 detulit:
1300 2105 1364 2146 ille
1374 2107 1486 2163 gratia
1499 2120 1680 2151 vocatur,
1710 2106 1793 2146 haec
1797 2106 1897 2163 plena

1102 2163 1215 2220 gratia*
1224 2179 1233 2202 .·
1249 2161 1312 2203 ille
1326 2179 1421 2209 vox,
1435 2163 1457 2204 ὲ
1472 2166 1586 2206 DEO
1611 2162 1717 2205 milla
1729 2167 1769 2204 in
1789 2165 1895 2205 hunc

1108 2222 1298 2262 mundum
1313 2251 1324 2268 ,
1355 2222 1437 2263 haec
1459 2237 1550 2268 vox,
1575 2238 1622 2264 ex
1642 2237 1708 2263 ore
1720 2222 1893 2263 Altissimi

1107 2279 1295 2335 profecta,
1326 2279 1465 2320 Verbum
1485 2280 1599 2320 bonum
1613 2311 1625 2328 ,
1655 2295 1696 2321 ut
1711 2283 1891 2337 Concep-

1104 2353 1145 2380 ω
1157 2340 1255 2381 LVI.
1270 2339 1453 2379 vidimus:
1480 2339 1544 2379 ille
1556 2339 1610 2380 est
1630 2353 1701 2380 ‘vox
1710 2340 1891 2386 clamamu,

1104 2397 1186 2437 haec
1203 2412 1280 2438 vox
1302 2400 1484 2437 amantis:
1516 2397 1578 2437 ille
1607 2397 1804 2452 loquelam
1819 2399 1888 2438 Pa-

1102 2458 1222 2501 renti,
1255 2455 1337 2495 haec
1348 2455 1519 2498 Verbum
1538 2458 1636 2496 Patri
1653 2456 1813 2496 extorfit.
1846 2470 1889 2497 ut

1100 2514 1263 2568 proinde
1270 2514 1488 2567 juremerito
1503 2544 1514 2560 ‚
1545 2514 1569 2554 fi
1594 2515 1704 2555 DEI
1731 2513 1886 2570 praesen-

1098 2574 1149 2611 tia
1159 2577 1353 2624 Joannem
1364 2572 1607 2614 sanctificavit
1616 2576 1656 2612 in
1669 2586 1776 2613 utero
1787 2602 1798 2618 ,
1813 2572 1884 2613 ho-

1097 2630 1158 2670 die
1170 2630 1321 2686 diguitis
1343 2633 1458 2686 pietas
1468 2630 1639 2671 Ecclefiae
1668 2630 1745 2680 (ob
1765 2632 1887 2683 majo-

1097 2703 1202 2731 rem,
1233 2688 1343 2728 omni
1375 2692 1597 2732 vicinitate,
1627 2691 1763 2729 Matris
1793 2704 1884 2730 cum

1094 2745 1191 2786 Filio
1213 2747 1549 2800 conjunffionem)
1582 2747 1682 2787 hanc
1704 2762 1750 2787 ex
1774 2761 1882 2788 utero

1094 2803 1353 2860 praeservatam
1382 2804 1579 2861 agnoscat:
1613 2805 1637 2844 fi
1675 2804 1785 2846 illum
1813 2806 1880 2846 ad-

1091 2864 1186 2916 juvit
1204 2892 1214 2909 ‚
1251 2876 1292 2903 ut
1310 2861 1456 2918 surgeret
1472 2890 1484 2907 ,
1516 2866 1637 2904 veritis
1662 2863 1772 2904 istam
1798 2879 1877 2904 cre-

1092 2921 1158 2962 dat
1182 2919 1382 2961 sustinuiffie
1398 2951 1406 2966 ‚
1438 2937 1488 2962 ne
1503 2920 1635 2961 caderet.
1664 2920 1805 2967 verbo,
1834 2936 1874 2962 ut

1087 2978 1172 3021 vere
1182 2980 1355 3020 MARIA
1371 2977 1393 3019 a
1413 2979 1523 3020 nobis
1532 2979 1701 3022 dicatur,
1733 2995 1797 3019 una
1809 2982 1871 3027 Jo-

1085 3054 1168 3077 anne
1186 3039 1308 3090 major,
1339 3052 1538 3092 nunquam
1573 3037 1748 3094 surgens,
1778 3039 1868 3090 quia

1085 3110 1285 3150 nunquam
1306 3095 1457 3135 cadens.
1531 3099 1690 3137 Utinam
1711 3102 1750 3136 ὃς
1772 3108 1843 3133 nos
1857 3123 1868 3139 ,

1087 3158 1148 3208 qui
1173 3169 1254 3193 non
1287 3168 1354 3209 per
1375 3153 1561 3208 originale
1589 3155 1741 3194 tantiam
1764 3180 1775 3196 ‚
1807 3150 1869 3191 sed

1775 3223 1841 3263 pes
