2159 3508
312 133 400 203 198
686 121 779 181 De
800 112 1264 193 Concepta'Sacrfi
1287 107 1536 186 Deipara.

273 246 365 272 cens
384 224 495 270 facile
506 237 592 265 eam
609 221 776 263 telorum
808 221 1058 273 impetupro-
1110 209 1306 268 originalis
1332 211 1480 265 peccati
1514 209 1613 249 virus
1636 201 1896 245 inficientem

275 285 523 330 sternendam
534 279 731 337 cogitabat
743 296 752 325 5
765 278 898 319 verum
910 275 970 330 ipe
982 273 1058 313 fru-
1107 271 1188 310 Hic
1199 272 1334 310 Draco
1353 283 1436 308 non
1451 269 1603 307 tantum
1617 263 1779 318 impedit
1790 262 1898 303 usum

273 347 404 388 stratus
424 373 435 390 ,
466 344 558 383 curn
578 338 703 380 taliter
724 350 810 376 eam
833 331 938 374 nulla
969 334 1058 372 rati·
1107 343 1215 382 aquae
1238 329 1405 372 Divinae,
1430 322 1570 365 scilicet
1590 324 1740 378 gratiae,
1766 320 1787 361 ὲ
1810 319 1900 360 fon-

273 420 350 446 one
373 398 646 459 perforandam
676 391 949 450 cognosceret,
977 389 1060 446 plu-

275 467 392 504 rimos
413 455 613 516 praeterea,
644 454 712 494 fiiis
733 449 971 493 emilitibus,
997 463 1062 489 ve-

273 519 426 562 nenosae
436 517 564 558 bestiae
578 512 701 554 halitu
724 539 735 557 ,
767 507 1064 549 identidem'in-

273 580 338 620 fici
372 578 606 632 experiretur
630 600 640 616 ,
677 567 902 611 Balistarum
946 567 1065 605 etiam

271 648 467 680 tormenta
478 632 654 673 adhibuit
665 657 676 675 ,
706 626 842 682 quibus
863 622 970 678 aeque
982 637 1064 664 non

271 695 340 736 nisi
357 707 484 734 aerem
502 685 766 732 verberando,
798 682 986 723 incassum
1010 681 1065 722 la-

270 753 446 794 boravit:
473 749 601 790 donec
636 743 798 786 tandem
826 741 989 786 crebris,
1020 755 1064 780 ac

298 807 492 851 onderosis
517 805 664 847 silicum
685 799 925 846 verberibus,
956 798 1065 838 inde-

268 867 361 910 feffo
386 866 540 911 labore,
581 860 823 903 debilitatam
857 861 1020 914 peremit
1050 884 1061 901 ,

267 926 459 970 belluam,
491 921 674 964 omnibus
697 918 801 960 certe
823 914 1061 962 cohortibus,

268 992 311 1028 ὃς
326 981 562 1040 Legionibus
574 1010 585 1027 ,
605 978 687 1035 ipsa
700 976 936 1031 Carthagine
944 973 1061 1014 visam

267 1041 551 1084 terribiliorem.
612 1040 786 1080 Dicunt,
807 1030 973 1074 occisae&
988 1034 1067 1074 Re-

268 1101 363 1159 gulo
396 1097 578 1140 immanis
608 1094 745 1136 belluae
771 1095 942 1136 corium,
973 1105 1065 1131 cen-

269 1174 353 1202 tum
376 1160 522 1214 vigenti
545 1154 660 1211 pedes
686 1150 929 1207 longitudine
951 1164 1063 1189 exce-

266 1218 362 1259 dens
374 1244 386 1261 2
416 1219 591 1257 Romam
606 1211 766 1252 tandem
777 1208 948 1250 delatum
960 1237 971 1253 ‚
989 1207 1061 1248 ibi-

263 1277 381 1318 dem,
410 1274 460 1315 ad
482 1286 666 1313 aeternam
692 1267 845 1325 gloriosi
870 1267 1060 1323 triumphi

263 1336 498 1376 memoriam
508 1357 520 1374 ,
551 1327 703 1387 publice
716 1326 932 1383 expositum
943 1323 1058 1367 fuisse.

262 1393 370 1434 Valer:
389 1394 495 1432 Max.
508 1389 529 1429 l.
541 1406 570 1429 1.
591 1405 615 1429 c.
635 1398 671 1428 8.
690 1385 773 1426 Aul.
795 1383 880 1426 Gell.
895 1383 917 1423 l.
931 1393 962 1424 6.
989 1400 1017 1424 c.
1027 1399 1058 1431 3.

263 1453 309 1493 Ίῖ
322 1451 457 1495 Livius,
470 1455 535 1491 (φο.

375 1553 524 1595 Verum
538 1547 633 1604 quid
645 1544 772 1586 bellua
785 1544 868 1584 haec
886 1572 896 1589 ‚
923 1555 1061 1583 utcun-

266 1626 342 1669 que
359 1608 632 1651 formidabilis,
655 1602 858 1660 respeffiv‘e
878 1601 926 1641 ad
946 1600 1062 1640 infcr-

267 1670 400 1714 nalem
418 1668 528 1709 illum
545 1668 794 1707 Draconem,
826 1656 1063 1702 venenosiffi-

266 1745 337 1772 mo
349 1727 491 1773 halitu,
522 1739 605 1765 non
625 1721 775 1776 aliquot
789 1721 943 1760 tantum
961 1714 1063 1756 mili-

266 1802 344 1835 te5‚
379 1785 442 1827 sed
452 1797 579 1826 totum
591 1782 808 1823 humanum
826 1791 945 1834 genus
961 1804 971 1821 ,
995 1789 1062 1831 per

1107 386 1206 426 tibiis
1246 384 1450 440 §alvatoris
1484 380 1701 422 hauriendae
1722 406 1733 425 ,
1764 381 1899 419 verum

1110 449 1228 484 etiam
1243 442 1408 500 plurima
1429 441 1502 482 alia
1517 443 1656 480 animae
1681 450 1897 478 nocumen-

1112 516 1152 543 ta
1165 501 1290 545 infert,
1318 500 1385 541 nisi
1400 499 1534 542 vulnus
1549 528 1559 544 ,
1591 512 1658 553 per
1679 495 1898 537 voluntaria

1114 564 1215 602 Sacri
1247 561 1487 617 Baptismatis
1520 555 1690 597 remedia
1714 582 1724 599 ,
1767 550 1899 592 denuo

1113 632 1274 659 curetur.
1334 619 1480 660 Verum
1492 617 1665 658 MARIA,
1690 611 1766 653 sola
1784 625 1899 667 gene-

1114 677 1289 718 rofiffima
1309 678 1509 720 Hemina,
1547 677 1585 713 iri
1606 671 1667 712 sua
1687 670 1905 724 Concepti->

1115 751 1192 776 one
1207 761 1218 778 2
1242 734 1417 776 monstro
1436 733 1528 773 huic
1552 732 1717 771 immani
1742 727 1901 768 obviam

1114 793 1309 850 processit,
1329 790 1519 845 nullisque
1531 789 1611 843 alijs
1622 790 1758 832 armis,
1781 784 1901 840 quam

1113 851 1211 892 silice
1224 852 1284 891 ula
1316 854 1437 899 (Petra
1448 863 1553 888 autem
1565 861 1633 888 erat
1651 846 1783 897 Christus
1806 842 1902 892 )ob⁶

1112 911 1211 964 jecto
1224 911 1408 949 nimirum
1425 906 1579 948 Christo
1601 904 1794 947 Salvatore
1807 931 1818 947 ,
1854 916 1901 941 ex

1112 968 1193 1024 ipsa
1228 971 1267 1006 in
1300 969 1471 1008 Matrem
1505 962 1624 1004 electa
1672 975 1828 1002 carnem
1850 958 1903 999 as·

1116 1026 1313 1083 sumpturo
1328 1054 1339 1071 ,
1356 1022 1591 1066 debilitavit,
1606 1023 1801 1064 contrivit,
1815 1033 1902 1073 pro-

1115 1084 1244 1127 stravit
1260 1113 1271 1129 ,
1301 1097 1414 1137 atque
1430 1078 1639 1134 antequam
1664 1082 1703 1118 in
1721 1076 1837 1133 ipfiim
1849 1075 1903 1116 fa-

1111 1144 1187 1184 tale
1215 1145 1314 1185 virus
1342 1137 1536 1197 originalis
1567 1152 1678 1177 noxae
1715 1135 1905 1176 rransfun-

1110 1202 1202 1243 dere
1250 1198 1392 1258 pollet,
1427 1194 1682 1255 gloriosissime
1723 1195 1905 1234 detrium-

1110 1261 1254 1318 pliavit.

1243 1370 1284 1422 ὅ.
1302 1377 1353 1431 7.
1383 1362 1740 1434 Anagramma.

1109 1475 1185 1519 TV
1208 1505 1223 1529 ‚
1249 1474 1504 1531 ConCepta
1544 1474 1714 1532 Regina
1735 1470 1746 1513 !
1783 1472 1902 1528 era
1923 1460 2061 1526 406.

1347 1544 1395 1587 D
1410 1552 1433 1583 E
1454 1544 1473 1586 I
1516 1538 1685 1586 Mensa.

1113 1622 1178 1668 Tic,
1194 1626 1222 1662 0
1232 1622 1359 1678 Regina
1369 1622 1595 1660 immaculata!
1617 1634 1703 1677 pura
1715 1623 1778 1660 Dei
1791 1623 1902 1677 mensa.

1349 1699 1482 1741 Versio
1493 1699 1675 1739 litteralis.

1112 1774 1193 1816 Ave
1203 1776 1338 1823 Maria,
1350 1775 1464 1833 gratis
1465 1776 1565 1832 plena
1577 1805 1590 1822 ,
1622 1777 1783 1817 Domimos
1794 1791 1910 1819 tecum.

279 1912 1897 1948 3:233523533333553333333?¹5²²³:²21:

328 1943 342 1949 '
1254 1929 1898 1949 ····²-===:====

263 1937 1918 2027 afflatamQaffiffiffifflffiffiffiffiffiaffiffi‘221

485 2102 636 2181 De>
673 2091 1050 2200 Concepta
1090 2092 1301 2173 Sacra
1348 2096 1681 2202 Deipara.

659 2261 1263 2335 CONCEPTUS
1347 2262 1530 2330 LIX.

478 2434 517 2487 ξ.
534 2439 569 2476 1.
606 2425 860 2494 Scriptura,

105 2537 240 2594 407.
315 2520 632 2584 AngeLorVM
652 2519 833 2578 Reglnae
860 2509 1039 2562 CVsto-

511 2591 606 2635 Des
637 2588 840 2649 AngeLI.

209 2711 216 2716 -
281 2676 371 2722 Psal.
386 2691 446 2730 90.
468 2691 502 2717 v.
520 2690 565 2714 11.
597 2671 721 2726 &seq
753 2671 889 2727 Angelis
899 2668 969 2725 ficis
981 2685 1075 2709 man-

336 2736 435 2778 davit
449 2733 487 2773 de
507 2733 575 2778 Te,
603 2745 639 2771 uc
651 2729 819 2782 custodiant
832 2731 879 2767 Y}
890 2731 923 2768 in
932 2727 1075 2768 omnibus

337 2795 407 2851 ‘vijs
427 2793 512 2832 tuis:
548 2793 589 2830 In
603 2788 749 2829 manibus
765 2785 939 2844 portabunt
948 2800 978 2825 te
997 2815 1009 2831 ,
1035 2794 1073 2824 ne

327 2853 416 2910 fort&
426 2849 560 2907 offis-udas
568 2848 614 2889 ad
621 2846 755 2903 lapidem
765 2844 876 2902 pedem
898 2860 987 2883 cuum
1001 2861 1007 2882 z
1014 2843 1072 2898 fh-

332 2924 393 2970 per
406 2908 543 2966 aspidem
555 2937 565 2953 ,
594 2915 632 2949 όν
645 2904 813 2963 bafilistum
827 2900 1016 2948 ambulabas,
1034 2910 1072 2944 (9-

340 2966 534 3008 conculcabis
547 2966 676 3011 leonem,
689 2973 728 3006 εῖν
739 2962 914 3002 draconem.

437 3045 535 3099 Agna
555 3043 688 3099 dignitas
704 3042 886 3081 animarum
904 3040 917 3077 .'
949 3036 1072 3078 admi-

287 3051 434 3184 M
464 3100 654 3141 rabundus
699 3100 794 3141 olim
843 3098 1073 3139 exclamavit

465 3159 588 3200 Divus
606 3160 872 3213 Hieronymus
891 3185 902 3202 ,
933 3170 969 3196 ut
988 3171 1069 3196 una-

114 3077 269 3108 Coffiemax

116 3123 144 3150 in
160 3119 272 3149 Maith-

1121 2412 1245 2454 quaeque
1256 2396 1372 2438 habeat
1390 2398 1432 2437 ab
1454 2413 1526 2438 ortu
1538 2398 1745 2439 Nativitatv's
1765 2399 1796 2439 in
1816 2400 1908 2454 custo-

1121 2456 1209 2496 diam
1220 2457 1382 2513 Angelum
1393 2456 1579 2513 delegatum.
1598 2472 1638 2498 ut
1658 2462 1763 2498 enim
1773 2458 1908 2498 Paulus

1124 2518 1198 2555 ait:
1232 2520 1347 2555 Omnes
1370 2515 1448 2570 fimt
1467 2515 1725 2570 administratorij
1751 2517 1907 2572 Spiritus,
1931 2530 2058 2561 Haebm,

1125 2574 1201 2629 miffi
1222 2584 1352 2630 propter
1367 2589 1440 2619 eos,
1468 2576 1522 2630 qui
1555 2573 1765 2613 haereditatem
1787 2575 1912 2629 capiunt
1932 2582 1956 2600 v.
1970 2582 2017 2608 ¹4·

1115 2631 1243 2686 fizluco’s.
1305 2634 1365 2673 O!
1402 2633 1523 2686 qualis
1542 2635 1655 2688 igitur
1675 2661 1686 2677 ,
1719 2638 1758 2673 ὃς
1791 2646 1911 2685 quaii—

1124 2703 1165 2729 ta
1206 2690 1372 2744 dignitas
1402 2692 1571 2746 Virginis
1593 2692 1797 2744 Deiparae?
1826 2705 1910 2744 quse

1124 2762 1206 2787 non
1229 2751 1380 2787 tantum
1399 2747 1447 2787 ab
1467 2762 1554 2788 ortu
1577 2748 1817 2788 Sanclissimae
1842 2748 1910 2789 luae

1124 2804 1365 2847 Naum-atis,
1406 2805 1467 2844 led
1490 2805 1538 2845 ab
1555 2805 1633 2861 ipso
1656 2809 1773 2846 etiam
1803 2809 1914 2847 Con*

1122 2867 1310 2919 ceptioni's
1322 2863 1519 2919 puriflimae
1535 2865 1697 2904 exordio
1709 2894 1719 2909 ,
1750 2864 1913 2905 aflisten-

1123 2935 1202 2962 tem
1226 2921 1358 2962 habuit
1372 2922 1613 2978 Angelorum
1633 2922 1912 2962 innumerabile?

1122 2981 1381 3026 multitudine,
1392 2984 1456 3034 qui
1468 2995 1662 3026 omncs,ut
1674 2981 1912 3020 administra—

1124 3040 1209 3092 tori'j
1227 3038 1381 3094 spiritus,
1396 3039 1491 3079 miffi
1502 3039 1585 3079 sunt
1596 3039 1617 3078 a
1633 3038 1794 3080 Coelesti
1806 3041 1914 3093 Rege

1123 3111 1278 3153 propter
1288 3113 1375 3138 eam
1394 3126 1405 3143 ,
1436 3112 1522 3152 quae
1535 3095 1791 3152 concipienda
1815 3111 1907 3142 erat,

1123 3170 1163 3195 ur
1184 3156 1332 3196 inundo
1377 3156 1483 3196 daret
1524 3155 1737 3196 Authorem
1770 3152 1900 3193 salutis.

1827 3211 1866 3251 id
