2159 3508
300 222 488 265 subfistere
498 217 685 264 voluit,ad
708 217 824 258 instar
832 215 999 257 sollicitae
1011 213 1092 271 gal·

301 280 390 323 linae
412 295 488 321 ova
512 278 698 322 foventis,
727 283 767 318 &.
786 278 894 317 vivos
923 272 1092 329 satagen-

301 343 348 379 tis
372 337 496 394 pullos
527 336 688 376 educere
703 363 713 380 ‚
741 332 936 388 quousc‘lue
961 328 1091 387 postea

298 396 466 437 formata
499 396 667 435 extiterit
699 392 764 432 lux
793 390 945 435 isthaec‚
975 403 1090 429 orna-

297 468 381 495 tum
393 452 560 501 coelum,
590 449 741 491 exculta
755 448 884 494 tellus,
906 446 1090 488 mundus-

296 527 372 567 que
409 524 513 551 totus
557 507 698 549 affabre
736 506 937 547 fabricatus
966 522 973 545 :
1005 505 1055 545 fic
1075 534 1086 551 ,

296 572 389 611 cum
401 567 569 610 tenebrae
590 566 708 607 essent
722 564 827 621 super
842 563 982 620 alqyffiim
998 578 1086 619 pec-

296 630 419 668 cantis
437 626 577 667 Adami
591 655 600 670 ,
628 639 713 678 quae
736 627 854 663 etiam
869 624 1087 663 Marianam

293 684 526 727 involuturae
553 682 692 738 abyfficm
722 680 975 726 videbantur,
1008 679 1089 736 pla-

295 747 375 784 cuit
395 745 546 784 Divino
559 743 712 797 Spiritui
728 741 806 795 jam
823 753 928 784 tum,
947 736 1089 793 magna

294 801 550 842 sollicitudine
603 798 709 854 super
755 800 981 839 MAR1AM
1005 799 1089 850 qui-

292 858 440 906 escere,
481 872 524 899 ut
552 856 637 897 luce
664 859 793 913 gratiae
819 884 830 902 ‚
869 858 1012 895 mirum
1044 857 1086 893 iu

289 917 482 963 modum,
510 929 601 957 ante
632 930 767 955 omnes
798 916 945 969 peccati
979 910 1085 967 abys-

288 975 349 1016 sos
380 975 563 1016 illustrata
588 1002 599 1020 ‚
626 972 884 1013 ardentiflima
918 970 1081 1010 charita-

289 1047 329 1074 te
345 1064 358 1080 ,
386 1030 646 1087 virtutumque
662 1033 841 1072 omnium
862 1027 1054 1084 elegentia
1068 1057 1080 1074 ,

279 1091 398 1133 *nullo
420 1107 503 1132 non
518 1103 724 1131 momento
757 1088 869 1128 fuerit
894 1087 1078 1126 ornatiffi-

284 1149 352 1191 me
371 1149 524 1191 exculta
538 1177 548 1194 ,
581 1146 706 1202 ficc'lue
730 1150 771 1186 in
787 1146 947 1202 dignam
958 1147 1000 1185 D
1017 1146 1046 1185 E
1061 1146 1079 1185 I

286 1211 531 1250 Genitricem
576 1203 847 1261 elegantiffime
885 1202 932 1244 ab
969 1206 1082 1243 initio

286 1268 557 1323 conceptionis
570 1263 762 1305 fabricata.
837 1265 877 1304 O
889 1276 981 1318 ergo
997 1261 1081 1302 feli-

283 1325 426 1365 ciffirna
435 1326 593 1366 Divinae
616 1320 884 1362 misericordiae
900 1317 1078 1376 Abyffus!

282 1386 464 1440 OVirgo
490 1396 549 1423 ter
575 1379 823 1421 immaculata
841 1408 852 1425 ‚
883 1382 972 1434 quia
1000 1393 1077 1419 ante

279 1440 404 1498 abyfflis
441 1439 609 1496 concepta!
636 1441 737 1479 Ecce
761 1438 810 1478 ad
832 1451 869 1478 te
899 1437 1076 1492 confugi-

276 1513 366 1540 mus
393 1515 407 1539 :
435 1498 578 1554 Algyffin
598 1525 608 1543 ‚
639 1494 778 1553 algyffiaem
803 1497 933 1536 inwocat
958 1524 968 1540 ,
1001 1510 1075 1535 nos

271 1556 423 1599 scilicet
443 1557 567 1597 miseri
593 1569 831 1611 peccatores,
862 1567 969 1596 tuam
990 1567 1074 1593 ma-

278 1629 433 1657 ternam
444 1619 628 1672 pietatem
649 1617 657 1652 !
690 1612 730 1654 id
754 1616 913 1653 unicum
936 1610 1075 1667 suppli-

278 1677 375 1716 citer
397 1673 634 1731 flagitantes,
662 1684 703 1711 ut
720 1685 766 1712 ea
787 1670 900 1711 nobis
919 1668 991 1709 efle
1009 1685 1073 1711 ve-

276 1732 346 1780 lis,
375 1747 463 1788 quae
497 1731 520 1772 a
550 1729 757 1786 Seraphico
799 1728 1071 1769 Bonaventurz'i

277 1791 567 1849 depraedicaris,
595 1789 781 1829 nimirum
792 1785 945 1843 Abyfftos,
975 1785 1070 1842 abys-

267 1852 344 1908 ficm
363 1851 538 1895 invocans,
569 1845 796 1904 interpellando
808 1857 869 1902 pro
889 1844 978 1885 nobis
988 1856 1068 1903 pro—

263 1908 494 1968 fimdzffimam
510 1905 754 1964 miſsericordiam
763 1905 846 1960 filzj
859 1904 924 1960 tui2

99 1773 136 1807 ,in
147 1777 223 1814 Spera

101 1817 188 1862 vt.

445 2027 485 2093 §.
507 2037 558 2078 2.
594 2019 893 2075 Authoritas.

100 2125 226 2199 436.
266 2141 457 2193 IoannIs
478 2136 952 2204 HIerosoLIJMItanI‚
975 2148 1060 2197 pro

335 2214 432 2261 DEI
453 2211 704 2257 GenltrICe
728 2211 830 2254 sIne
852 2204 987 2262 Labe,

538 2277 781 2326 sententla.

261 2389 374 2428 Peatae
393 2383 496 2422 MA
500 2382 574 2436 RI
577 2382 619 2420 A
636 2379 674 2420 de
697 2378 817 2420 natura?
837 2377 976 2419 humana*
990 2377 1055 2417 ahl

378 2455 428 2482 ter
442 2440 515 2496 fuit
535 2453 606 2479 orca
620 2467 631 2484 ,
662 2439 738 2495 quia
760 2440 792 2477 in
812 2438 870 2493 fico
892 2452 963 2477 ortu
994 2452 1055 2475 non

361 2500 434 2554 suit
465 2511 598 2537 onerata
616 2496 830 2537 amaritudine
847 2495 1032 2536 delifz‘orum
1043 2520 1055 2540 ‚

365 2556 428 2613 fid
442 2556 538 2608 instar
556 2555 638 2594 illius
661 2554 816 2595 nubeculae
844 2555 914 2609 fuit
944 2554 1028 2594 levis
1043 2582 1053 2599 ‚

365 2627 426 2673 per
442 2614 672 2654 immunitatem
680 2625 879 2669 peccatorum
891 2638 901 2655 ,
928 2621 966 2654 (5
981 2612 1054 2651 dul-

370 2674 416 2713 cis
451 2684 513 2729 per
547 2671 773 2728 plenitudinem
818 2669 1048 2724 charismatum.

373 2731 441 2774 De
463 2729 619 2771 institut.
635 2729 939 2770 Monachorum.
951 2744 982 2772 c.
993 2743 1047 2779 32,

498 2853 537 2904 §.
548 2854 593 2914 3.
628 2845 811 2907 ‘Ratio-

292 2963 387 3010 DEI
410 2966 573 3020 Patrls,
610 2966 680 3012 aC
698 2965 854 3019 FILII,
889 2961 1011 3008 MIra

501 3037 778 3097 aeanLItas.

255 3111 498 3216 CHristus
515 3116 737 3173 redemptor
752 3115 900 3162 noster,
933 3124 1042 3155 ante-

374 3169 495 3234 fluam
504 3172 717 3216 humanam
737 3174 939 3217 assumeret
959 3188 1042 3215 car-

88 3019 208 3080 437·

732 114 828 179 De
839 112 1128 194 Concepta
1152 108 1307 173 Sacra
1328 106 1567 195 Deipara

1141 226 1234 253 nem
1246 242 1256 258 ‚
1273 211 1322 253 ab
1344 226 1489 254 aeterno
1499 224 1579 253 erat
1590 225 1708 253 tantae
1722 216 1940 270 Sapientiaei

1140 285 1185 310 ac
1207 274 1392 327 potentiae
1415 300 1426 316 ,
1471 275 1513 311 in
1542 270 1723 326 eligendo
1752 272 1816 313 fibi
1841 278 1931 316 Ma..

1140 341 1262 372 trem,
1293 328 1422 369 omnis
1440 331 1694 384 corruptionis
1716 344 1924 385 expertem,

1139 400 1292 440 quantae
1314 387 1384 427 fuit
1405 390 1606 443 Sapientiae
1627 414 1638 432 ,
1679 402 1723 426 ac
1744 394 1928 442 potentia:

1139 446 1250 485 Pater
1264 458 1425 486 aeternus
1441 473 1451 491 ,
1482 449 1522 484 in
1532 445 1786 500 producendo
1798 449 1927 501 quoad

1138 502 1238 544 intra
1255 503 1304 544 ab
1336 517 1480 544 aeterno
1504 502 1699 557 coaequale
1729 502 1795 544 fibi
1830 510 1925 548 Ver-

1138 560 1231 602 bum
1245 579 1253 602 :
1286 565 1404 616 Atqui
1416 564 1525 602 Pater
1534 574 1696 602 aeternus
1706 576 1787 601 non
1800 567 1926 618 potuit

1138 618 1240 660 aliud
1271 619 1443 663 Verbum
1495 620 1705 676 producere
1728 649 1739 665 ,
1768 621 1835 660 nifi
1858 622 1926 662 fibi

1138 690 1309 732 gratum,
1350 694 1394 718 ac
1422 693 1554 733 expers
1576 677 1705 719 omnis
1735 683 1925 735 corrupti-

1137 737 1223 775 onis
1250 753 1258 776 ε
1301 738 1404 792 Ergo
1442 739 1560 776 etiam
1585 736 1828 792 Redemptor
1852 753 1926 778 no-

1135 791 1209 832 ster
1232 807 1315 834 non
1355 797 1479 850 potuit
1520 793 1636 836 aliam
1666 795 1805 850 eligere
1837 798 1925 837 Ma·-

1136 862 1235 891 trem
1250 880 1261 897 ,
1293 853 1360 892 nifi
1374 852 1440 892 fibi
1459 866 1605 908 gratam
1616 881 1628 899 ‚
1665 867 1780 907 atque
1795 859 1926 895 omnis

1134 913 1390 965 corruptionis
1419 925 1627 966 expertem.
1690 911 1764 952 Sed
1789 927 1927 968 pecca,v

1132 979 1216 1007 tum
1242 967 1428 1024 originale
1446 968 1550 1010 tollit
1571 972 1782 1011 amicitiam
1802 973 1894 1012 DEI
1909 997 1924 1015 2

1130 1039 1174 1064 ac
1189 1028 1524 1082 incorruptionem
1543 1031 1701 1074 animae,
1729 1034 1769 1070 ὃ(
1784 1044 1923 1086 corpo-

1129 1085 1191 1123 ris.
1249 1085 1352 1141 Ergo
1362 1084 1535 1139 Christus
1549 1100 1633 1126 non
1654 1090 1780 1141 potuit
1801 1087 1923 1131 talem

1129 1143 1302 1182 Matrem
1330 1142 1492 1198 eligere,
1531 1158 1616 1197 quae
1640 1143 1799 1186 haberet
1830 1162 1922 1202 pec-

1131 1214 1262 1241 catum
1271 1199 1469 1257 originale.
1485 1202 1578 1256 Maj.
1602 1201 1710 1242 Prob.
1772 1205 1920 1247 Eadem

1131 1261 1334 1314 Sapientia,
1362 1261 1552 1306 Potentia,
1573 1260 1814 1303 &Voluntas
1835 1276 1919 1304 tan-

1130 1316 1247 1371 quam
1277 1317 1483 1373 praedicata
1524 1317 1724 1366 absoluta,
1765 1319 1850 1362 sunt
1876 1326 1918 1363 in

1128 1374 1310 1416 omnibus
1331 1375 1447 1416 tribus
1463 1377 1631 1417 Personis
1641 1380 1805 1420 Divinis.
1850 1382 1918 1420 Er-

1124 1432 1177 1489 go
1200 1434 1226 1474 fi
1255 1437 1296 1473 in
1311 1436 1419 1474 Patre
1431 1434 1512 1474 fieri
1533 1434 1642 1475 aliter
1662 1450 1745 1477 non
1767 1442 1916 1492 potuit,

1123 1489 1242 1545 quam
1268 1490 1376 1546 quod
1404 1492 1626 1548 produxerit
1652 1495 1827 1535 Verbum
1847 1496 1915 1538 fibi

1123 1563 1275 1605 gratum
1287 1578 1299 1597 ,
1322 1563 1436 1604 atque
1466 1565 1598 1606 expers
1620 1551 1747 1592 omnis
1760 1568 1915 1611 corrup-

1122 1611 1238 1648 tionis
1259 1636 1270 1654 ,
1299 1611 1416 1648 etiam
1435 1613 1475 1648 in
1491 1609 1588 1649 Filio
1611 1609 1811 1651 aliter-fieri
1828 1627 1912 1655 non

1122 1669 1270 1722 potuit,
1300 1665 1419 1720 quam
1434 1665 1542 1720 quod
1565 1666 1722 1723 elegerit
1741 1671 1911 1713 Matrem

1120 1722 1188 1764 sibi
1208 1737 1381 1780 gratam,
1411 1737 1525 1781 atque
1565 1724 1693 1765 omnis
1725 1733 1911 1784 corrupti-

1119 1786 1206 1827 onis
1227 1795 1437 1840 expertem.

1329 1903 1369 1959 §—
1386 1911 1437 1968 4.
1472 1897 1704 1972 IIzstoriat.

1209 2013 1338 2062 LVes
1368 2013 1772 2061 MeDIoLanensi's
1796 2045 1811 2068 ,

1327 2087 1456 2131 Voto
1492 2082 1687 2132 Ceffans.

1110 2183 1380 2284 TEmpore
1397 2181 1680 2226 Blanchorum,
1709 2193 1789 2234 quo
1821 2174 1901 2218 lues

1253 2239 1474 2297 contagiosa
1521 2239 1639 2296 ipsam
1698 2236 1901 2292 Cisalpinae

1108 2297 1247 2339 Galliae
1262 2298 1520 2355 Metropolim
1532 2328 1543 2344 ,
1569 2300 1778 2339 Civitatem
1790 2310 1900 2334 nem<

1109 2370 1156 2412 pe
1187 2356 1522 2399 Mediolanensem
1565 2355 1822 2414 pervadebat>
1855 2369 1900 2393 ac

1104 2415 1238 2457 locum
1262 2416 1389 2461 hunc,
1421 2414 1554 2471 populi
1579 2413 1823 2455 multitudine
1845 2427 1900 2451 rea

1104 2473 1340 2515 fertiffimum
1353 2504 1362 2521 ,
1389 2473 1535 2514 crudeli
1545 2472 1796 2530 plurimorum
1809 2471 1898 2511 stra-

1104 2546 1151 2588 ge
1191 2534 1349 2587 jamjam
1369 2531 1601 2589 depopulata
1636 2531 1782 2576 fuerat,
1813 2529 1895 2568 refi-

1103 2591 1169 2631 dui
1190 2591 1304 2632 Urbis
1320 2591 1478 2636 incolae,
1510 2590 1559 2630 ad
1575 2588 1776 2645 spiritualia
1796 2601 1892 2627 con-

1102 2649 1196 2691 verfi
1244 2650 1437 2695 remedia,
1468 2651 1673 2704 Virginem
1690 2645 1893 2702 praesertim

1099 2708 1352 2748 Beatiffimam
1388 2710 1429 2746 in
1459 2707 1640 2746 auxilium
1677 2703 1893 2749 vocatum,

1098 2779 1257 2812 votum,
1284 2769 1325 2805 in
1349 2764 1519 2818 ejusdem
1548 2764 1741 2804 honorem
1757 2791 1767 2808 ‚
1797 2777 1893 2802 una-

1099 2826 1256 2864 nimiter
1277 2822 1479 2869 facientes,
1517 2820 1661 2877 quodfi
1690 2820 1892 2877 desperatis

1100 2881 1191 2922 alias
1210 2881 1320 2922 rebus
1338 2881 1552 2926 subvenire,
1586 2895 1629 2920 ac
1656 2877 1807 2936 potenti
1830 2878 1891 2919 sua

1099 2940 1202 2996 apud
1239 2939 1379 2981 Filium
1419 2939 1709 2985 interceffione,
1739 2940 1888 2979 Civita*

1099 3011 1182 3038 tem
1222 2997 1370 3039 crudeli
1415 2997 1518 3054 peste
1558 2996 1718 3037 liberare
1748 2995 1884 3052 digna.

1093 3070 1217 3103 retur,
1248 3057 1400 3098 Festum
1422 3055 1677 3097 immaculatae
1705 3057 1886 3108 Concep-

1093 3118 1229 3161 tionis,
1261 3115 1444 3156 haerentis
1482 3115 1660 3155 nondum
1703 3110 1884 3153 celebrari

1092 3168 1140 3215 ab
1172 3175 1216 3228 ijs
1245 3172 1423 3219 solitum,
1453 3171 1602 3214 solenni
1640 3169 1790 3228 singulis
1814 3184 1882 3209 an-

1794 3238 1852 3268 nis

1927 2042 2047 2107 438.
