2159 3508
62 1466 169 1520 571.

712 98 1032 179 Conceptus
1112 92 1381 156 LXXXII.

215 194 298 235 imo
327 198 443 235 etiam
461 193 648 236 violenter
665 205 860 251 corrupta,
904 192 994 233 licet

214 256 472 309 virginitatem
503 267 583 292 non
609 256 786 299 amittat,
819 266 890 292 nec
913 266 996 308 per-

212 310 279 350 dat
298 310 504 351 laureolam
524 312 745 366 virginitatis
765 340 775 356 ,
807 324 937 350 tamen
955 312 996 348 in

215 368 449 410 Abbatissam
486 369 645 424 amplius
682 368 890 409 consecrari
927 382 996 406 ne-

216 432 315 480 quit:
347 442 386 467 ut
406 427 567 467 habetur
601 429 683 475 L.3.
705 429 782 467 Tit.
804 440 859 476 34.
876 440 912 479 q.
938 437 993 475 14.

217 487 317 541 Ergo
332 485 456 526 multo
481 487 605 524 minus
623 483 771 530 ·decet,
805 486 997 539 Reginam

218 547 442 599 Virgilium,
474 549 514 584 ὃς
556 541 791 596 Angelorum
822 570 832 586 ,
868 540 998 594 aliquo

218 615 376 657 peccato
394 598 495 641 fuisse
527 613 769 655 corruptam,
801 605 841 641 &
875 601 1000 652 inqui-

221 674 374 705 natam,
403 659 474 698 sive
503 657 736 699 voluntarie,
764 656 822 697 seu
849 671 895 696 ex
913 671 1000 712 pro-

221 717 301 773 pria
315 716 523 758 voluntate,
546 714 668 755 sivein
680 714 713 755 se
732 714 1002 759 involuntarie,

221 774 343 815 aliena
379 789 509 814 tamen
553 772 750 813 voluntate
790 772 1003 814 commisso.

222 833 408 874 Confirm.
437 847 484 871 ex
513 830 582 871 illo
604 860 614 876 ,
658 834 700 871 in
742 846 773 871 c.
793 847 821 871 1.
869 831 953 872 dist.
974 849 1003 870 2..

223 892 323 930 Decet
339 890 510 929 Praelatum
529 890 603 942 alijs
630 889 918 945 irreprebenfibilem
939 888 1005 945 effi,

223 956 261 990 (9·
291 948 376 987 omni
393 959 526 1004 tempore
563 948 584 985 ἁ
604 963 781 1003 quocunque
802 950 929 987 crimine
947 949 1006 987 im-

222 1022 354 1045 munem.
420 1007 522 1060 Ergo
540 1004 708 1045 similiter
724 1005 835 1046 decet
856 1009 1007 1062 Praepo-

223 1064 350 1109 fitam,
381 1069 421 1105 &
444 1066 637 1119 Reginam
660 1065 897 1120 Angelorum
919 1091 929 1107 ‚
969 1071 1009 1106 δε

225 1122 431 1162 hominum
456 1120 567 1161 omn'i
589 1135 762 1177 tempore
782 1121 853 1163 elle
870 1127 1011 1163 immu-

227 1179 351 1221 nem-2³.
371 1195 602 1234 quocunque
624 1183 796 1221 crimine.

440 1302 478 1354 ὃ.
496 1310 546 1363 4.
584 1296 815 1367 Isistorict.

233 1413 318 1456 MA
335 1422 364 1452 R
379 1410 394 1453 l
411 1422 436 1452 A
463 1406 709 1460 ILleata,
753 1421 879 1456 Petro
899 1411 1021 1457 VIL-

378 1480 587 1522 LarIensI
673 1475 871 1540 gratlose

472 1544 764 1608 Desponsata.

353 1652 481 1690 Petrus
514 1648 761 1694 Villarienfis‚
795 1649 1017 1706 praeclarum

326 1740 334 1747 .
370 1710 470 1749 Sacri
496 1707 654 1748 Ordinis
679 1707 934 1749 Cisterciensis
964 1712 1018 1749 Si-

232 1767 300 1806 dus
319 1795 330 1811 ,
361 1765 548 1821 infignem
568 1765 671 1805 haud
684 1765 798 1806 dubie
813 1769 975 1821 gratiam
995 1766 1018 1807 ὲ

232 1823 440 1865 Beatiffima
455 1822 641 1865 Coeliturn
657 1823 808 1880 Regina
819 1823 987 1865 obtinuit
1006 1854 1017 1871 ,

232 1882 327 1923 dum
355 1880 465 1922 tertia
498 1881 520 1922 a
543 1881 654 1922 Festo
687 1881 898 1923 S.N1·colai
927 1880 1020 1923 feria

232 1954 482 1996 apparentem
529 1939 594 1980 fibi
666 1940 832 1980 eandem
884 1940 1020 1982 habuit

235 1997 507 2053 dicentemQue
529 1998 619 2038 sibi:
649 1999 798 2038 Novert's
823 1999 894 2039 Fili
914 2025 927 2042 ‚
964 1999 1020 2056 agi

236 2055 323 2096 hodie
339 2058 434 2096 Diem
437 2056 614 2113 specialiter
633 2057 709 2095 mihi
737 2057 921 2110 Rostivam:
941 2074 1019 2114 quo-

236 2116 320 2154 circa
341 2117 443 2170 magis
467 2117 506 2163 te}
520 2126 587 2170 prae
614 2114 690 2169 alijs
713 2113 823 2154 diebus
840 2143 851 2160 ‚
878 2116 1018 2156 Divinis

236 2173 295 2213 hac
314 2173 381 2212 luce
403 2171 552 2212 laudibus
581 2173 746 2212 immorari
764 2202 774 2218 ‚
812 2168 1018 2229 amplioribus

230 2232 392 2288 praeconijs
413 2232 489 2269 meto
504 2244 641 2276 vacare,
673 2246 711 2269 ac
721 2229 959 2286 fitblimioribm
968 2233 1018 2272 in-

236 2290 347 2328 haerere
371 2287 623 2327 meditationibm
656 2300 783 2345 oportet.
844 2289 911 2330 Ob
935 2305 1018 2347 gra-

237 2346 371 2387 tiolam
385 2346 483 2387 adeo
503 2349 783 2402 apparitionem
810 2351 911 2388 miro
932 2347 1020 2390 affe-

238 2406 318 2444 &us
358 2404 498 2460 gaudio
528 2406 678 2447 Petrus,
705 2404 859 2445 latentis
887 2419 1019 2448 tamen

237 2460 407 2517 Mysterij
429 2461 570 2502 nescius
589 2491 599 2507 ‚
638 2462 854 2503 humillime
876 2467 916 2504 in
938 2465 1020 2506 haec

237 2519 354 2562 verba
371 2518 582 2575 respondit:
614 2521 736 2576 Ignosce
757 2519 926 2577 dulciffima
953 2526 1023 2563 Do-

237 2579 325 2618 mina
339 2607 349 2624 ,
380 2578 505 2633 Rggina
527 2578 754 2634 clementiffima
775 2580 788 2617 !
817 2580 931 2635 ignosce
952 2582 1023 2637 sir-

239 2636 339 2681 vulo,
369 2637 450 2689 Festi
471 2636 535 2674 Ίῖιὶ
557 2637 709 2675 rationem
724 2637 851 2693 penitiis
872 2639 1023 2696 hucusque

239 2694 419 2748 ignoranti:
448 2695 536 2748 cujus
556 2695 785 2751 quamprimitm
800 2696 945 2736 notitiam
963 2698 1024 2738 ha-

239 2751 354 2797 buero,
382 2750 591 2808 devottffimus
621 2753 702 2794 certe*
731 2752 811 2794 illud
837 2766 992 2812 peragam
1010 2785 1022 2802 ,

1042 203 1095 227 nec
1115 186 1202 226 hodie
1231 185 1354 226 tanti‘tm
1370 214 1379 231 ,
1402 182 1464 240 sid
1478 181 1585 241 quoad
1592 182 1726 227 wixero,
1753 180 1830 220 cele-

1042 246 1135 285 brare
1150 243 1328 284 nullatenits
1349 243 1567 282 intermittam.
1627 242 1724 280 Haec
1740 241 1830 279 cum

1045 301 1192 343 dixisset
1201 331 1212 348 ‚
1240 299 1488 342 evanescente
1499 302 1654 340 interim
1664 298 1805 339 visione
1816 324 1828 342 ,

1044 358 1194 401 nullum
1215 359 1370 415 desuper
1391 358 1478 399 tulit
1499 355 1740 413 responsum3
1767 370 1831 395 ve-

1046 420 1435 460 runtamemcumex
1463 415 1538 456 alio
1550 415 1743 469 quodam,
1771 428 1833 453 ca-

1046 478 1083 516 lu
1102 474 1342 517 intellexisset
1370 501 1382 518 ‚
1423 472 1835 527 DiemlConceptioni

1047 533 1302 575 immaculatae
1314 536 1466 574 Sacram
1489 530 1511 571 a
1525 531 1673 572 devotis
1684 529 1836 585 quibus-

1048 593 1138 632 dam
1161 594 1338 633 MAMAE
1366 589 1567 630 clientibus
1592 588 1735 634 recoli,
1765 588 1838 627 sin-

1049 649 1144 706 gulis
1157 650 1262 690 idem
1280 648 1430 689 Festum
1451 651 1582 690 annis,
1613 647 1695 687 tota
1719 646 1840 687 devo-

1052 711 1169 749 tionis
1188 707 1381 748 alacritate
1400 705 1591 747 celebrare
1617 711 1656 747 &
1681 704 1755 760 ipse
1767 704 1841 744 stu*

1053 767 1157 812 duit,
1189 765 1288 806 adeo
1307 780 1349 805 ut
1373 768 1412 805 in
1425 767 1523 804 tanti
1542 763 1760 804 mercedem
1773 761 1843 802 ob-

1054 824 1167 879 sequij
1189 854 1201 870 ,
1233 826 1275 863 in
1295 823 1432 863 eadem
1459 821 1668 877 aliquando
1690 820 1842 861 Festivi-

1056 897 1133 924 tate
1154 911 1164 926 ‚
1197 881 1244 922 ab
1268 880 1431 937 iplomet
1448 883 1616 936 Virginis
1641 879 1738 920 Filio
1764 878 1846 920 vifi-

1055 943 1202 982 tatione
1247 937 1428 996 spirituali
1451 953 1637 979 recreatus
1653 968 1663 984 ‚
1695 941 1846 978 inenar-

1055 997 1166 1040 rabili
1208 997 1319 1040 fiacrit
1359 996 1623 1038 consolatione
1676 994 1852 1051 perfusus.

1058 1060 1163 1099 Cum
1194 1055 1374 1112 praeterea
1397 1054 1603 1095 Ecclefiam
1633 1052 1811 1109 ingressus
1838 1082 1850 1098 ,

1062 1116 1167 1156 idem
1188 1114 1338 1154 Festum
1363 1117 1444 1170 puri
1477 1113 1603 1153 cordis
1643 1113 1855 1153 devotione

1065 1189 1136 1230 pro
1159 1186 1267 1213 more
1298 1175 1510 1228 peracturus
1532 1171 1621 1211 esset
1647 1199 1658 1215 ,
1689 1173 1729 1210 in
1751 1184 1857 1210 exta-

1066 1233 1120 1272 sin
1141 1245 1266 1286 raptus
1279 1260 1287 1276 ‚
1306 1245 1436 1270 coram
1458 1232 1574 1280 JESU
1587 1258 1597 1274 ‚
1623 1235 1662 1270 &
1683 1230 1859 1269 MARIA

1067 1288 1274 1330 felicissime
1289 1287 1499 1329 sistebatur:
1529 1287 1552 1328 a
1569 1286 1703 1341 quibus
1723 1300 1862 1342 coeptae

1069 1348 1286 1390 devotionis
1322 1346 1414 1401 ergo
1450 1345 1658 1401 plurimum
1677 1344 1862 1390 laudatus,

1070 1421 1135 1452 ac,
1163 1419 1205 1445 ut
1225 1402 1419 1444 constanti
1445 1407 1485 1442 in
1517 1403 1655 1443 eadem
1677 1402 1862 1450 fidelitate

1070 1463 1297 1519 persisteret,
1327 1462 1547 1501 admonitus
1571 1460 1653 1500 fuit.
1685 1459 1788 1507 imo,
1816 1473 1858 1501 ut

1068 1523 1203 1561 Matris
1223 1520 1374 1560 honore
1399 1517 1433 1558 se
1465 1517 1611 1559 summe
1642 1517 1821 1558 delectari
1842 1547 1854 1564 ‚

1068 1579 1180 1619 Filius
1202 1576 1482 1618 demonstraret
1517 1579 1683 1617 Divinus
1710 1605 1722 1622 ‚
1760 1577 1856 1616 inse-

1067 1635 1227 1693 parabili
1272 1635 1437 1675 eandem
1496 1633 1673 1679 vinculo,
1708 1631 1856 1675 famulo

1067 1710 1148 1736 tam
1161 1697 1304 1735 devoto
1313 1692 1551 1749 jungendam
1560 1692 1682 1733 voluit
1696 1709 1704 1732 :
1736 1707 1855 1746 quem

1067 1757 1110 1793 in
1133 1753 1274 1797 finem,
1304 1754 1404 1793 vices
1426 1750 1639 1792 Sacerdotis
1663 1777 1674 1796 ,
1704 1756 1744 1792 &
1768 1761 1857 1791 mo-

1068 1826 1149 1851 rem
1189 1809 1370 1851 assumere
1413 1809 1588 1864 dignatus
1617 1838 1628 1854 ‚
1670 1809 1855 1863 Sacerdos

1067 1868 1143 1925 ipse
1182 1868 1389 1909 secundum
1423 1867 1616 1908 Ordinem
1654 1865 1859 1908 Melchise-

1067 1927 1187 1973 dech,
1220 1929 1388 1967 Matrem
1412 1923 1515 1965 suam
1547 1931 1558 1974 (
1579 1937 1620 1964 ut
1641 1927 1757 1965 moris
1779 1925 1856 1971 est,

1066 1989 1108 2025 in
1135 1985 1228 2026 facie
1251 1980 1424 2024 Ecclefiae
1456 1982 1618 2038 Sponsos
1641 1982 1817 2022 benedici
1842 1989 1856 2032 )

1068 2047 1106 2083 in
1128 2056 1354 2100 perpetuum
1372 2040 1567 2098 spiritualis
1585 2043 1765 2096 Conjugij
1785 2040 1856 2081 foe-

1069 2102 1136 2142 dus
1155 2129 1166 2145 ,
1198 2103 1312 2141 Petro
1361 2098 1614 2156 gratiosiffime
1659 2099 1732 2139 des
1750 2099 1859 2139 onsa-

1066 2164 1129 2202 vit.
1191 2161 1246 2199 Ex
1260 2174 1338 2213 quo
1354 2158 1495 2199 saecum
1515 2187 1526 2203 ,
1560 2172 1602 2197 ut
1624 2160 1678 2197 vir
1697 2157 1721 2196 il
1740 2172 1760 2196 e
1778 2159 1857 2198 Re-

1065 2217 1308 2275 ligiofiffimus
1340 2246 1349 2262 ‚
1384 2214 1523 2261 corde,
1553 2220 1592 2255 ὅτ.
1631 2220 1786 2261 animo,
1814 2218 1860 2257 in

1068 2291 1243 2317 amorem
1278 2274 1432 2315 illibatae
1470 2271 1687 2327 lequescens
1707 2302 1717 2318 ‚
1750 2273 1860 2314 tanta*¹

1068 2334 1181 2375 fuerit
1225 2333 1441 2374 devotionis
1477 2329 1639 2387 perfuliis
1686 2330 1858 2371 dulcedi-

1070 2408 1143 2437 ne,
1174 2406 1215 2432 ut
1241 2390 1361 2431 nullas
1391 2388 1495 2430 extr‘a
1528 2391 1730 2444 Virginem
1761 2404 1857 2430 con-

1070 2450 1271 2491 solationes
1283 2448 1434 2489 ulterius
1456 2450 1620 2502 recipere
1633 2477 1642 2490 ,
1673 2461 1743 2486 nec
1760 2447 1856 2487 alios

1071 2508 1321 2565 imposterum
1342 2536 1351 2552 ,
1382 2505 1500 2560 quarn
1527 2505 1574 2545 de
1595 2504 1660 2544 1113
1674 2534 1685 2550 ,
1715 2503 1855 2545 sermo-

1072 2582 1139 2607 nes
1175 2565 1340 2622 proferre
1380 2566 1555 2620 poruerit.
1628 2565 1688 2600 Ex
1715 2562 1851 2603 chronic„

1184 2628 1225 2664 V
1223 2623 1368 2677 illariens
1376 2630 1414 2666 &
1428 2622 1537 2661 Bucel.
1548 2620 1676 2661 Monoi.
1691 2619 1736 2659 ad

1294 2683 1402 2721 Diem.
1426 2690 1460 2720 δ’.
1476 2678 1624 2720 Decemb-

1424 2756 1443 2776 ἡ
1484 2756 1502 2775 ἡ

1456 2793 1473 2809 «ι

1160 3206 1314 3254 an
