2159 3508
695 65 1033 148 Conceptus⁸

241 153 325 197 ,diso
350 156 512 201 foemina
534 174 543 201 τ
579 158 673 202 dum
713 159 873 201 econtra
914 160 1033 202 infida

247 216 291 256 D
303 217 332 255 E
343 220 382 258 O
396 247 406 263 ‚
438 232 606 260 mortem
618 219 682 260 sub
694 219 842 259 Arbore
860 234 943 259 non
965 235 1032 259 cre-

244 273 313 314 dit:
343 276 436 316 dum
449 279 613 318 Numini
625 280 750 318 renuit
761 277 892 321 fidem,
913 291 1032 331 quam

245 333 415 391 prodigit
427 335 609 382 daemoni,
627 339 668 376 in
679 349 840 390 Utroque
851 349 1032 389 nequam5

249 395 339 446 quia
355 393 468 434 nimis
489 393 552 435 fisa
566 423 578 441 ,
611 392 776 436 &nimis
796 392 908 450 parce
929 408 937 431 ε
967 392 1033 432 illa

247 463 401 498 tamen,
427 467 570 508 nempe
589 454 709 495 MAR
722 467 735 492 1
748 467 773 492 A
788 480 800 498 ‚
840 451 936 492 dum
958 449 1032 491 ser-

246 512 355 565 penti
371 525 454 551 non
474 509 571 551 credit
584 539 595 557 ‚
627 508 796 564 Deoque
815 508 992 550 servatori
1018 537 1029 554 ‚

245 567 594 612 omnimomento‚
624 568 743 610 servat
754 567 898 613 fidem,
927 566 1031 608 aser—

243 640 359 683 pente
387 641 469 667 non
498 626 672 670 laeditur,
702 640 785 666 non
809 625 1029 671 mordetur,

246 698 330 724 non
363 687 608 727 intoxicatur.
667 685 766 724 Haec
784 686 981 725 MAMAE
1011 682 1034 724 ὲι

246 741 370 785 morsu
400 742 579 799 serpentis
620 744 768 797 antiqui
815 741 1035 797 mysteriofa

245 799 482 856 praeservatio
492 799 594 843 clare
605 800 756 843 videtur
764 799 991 842 adumbrata
1019 829 1031 846 ‚

247 862 288 898 in
299 858 465 899 mirabili
482 858 551 900 illo
577 873 717 900 eventu
732 888 743 905 ‚
774 874 891 913 quem
907 861 1032 916 genti-

247 932 313 957 um
343 919 508 958 Doctori
534 917 653 959 Paulo
692 915 909 974 contigisse,
940 920 1034 959 Acta

122 983 203 1017 c·28·
244 975 518 1031 Apostolorum
529 976 745 1033 perhibens
762 979 852 1016 cum
871 979 978 1017 enim
989 975 1034 1016 il-

244 1032 303 1079 le,
333 1038 502 1091 captivus
543 1034 752 1090 aliquando
774 1037 949 1078 Romam
970 1034 1035 1076 ab-

244 1091 446 1134 duceretur
460 1122 470 1139 ,
500 1093 626 1134 dirum
636 1097 677 1134 in
695 1097 830 1134 itinere
845 1093 1035 1150 naufragi-

244 1165 311 1193 um
323 1151 442 1207 pasius
457 1181 468 1197 ,
501 1151 726 1193 difficillime
746 1152 860 1194 evasit
874 1181 885 1198 ,
915 1166 1032 1207 atque

244 1209 297 1251 ad
315 1209 480 1251 Insulam
491 1210 724 1252 Maltenstem
742 1225 831 1251 cum
845 1209 953 1264 socijs
968 1225 1034 1267 ap-

246 1267 366 1324 pulit5
385 1267 469 1315 hic,
501 1272 591 1310 cum
604 1273 676 1310 toti
698 1269 864 1315 madidi,
887 1268 1036 1325 insuper

248 1341 326 1383 prae
340 1327 501 1384 frigore,
532 1334 573 1370 &
592 1327 694 1368 fame
709 1357 719 1373 ‚
750 1331 814 1369 vix
828 1342 912 1368 non
933 1342 1039 1368 mor-

245 1389 301 1426 tui
331 1400 600 1430 cernerentur,
630 1385 652 1427 a
680 1384 846 1426 barbaris
870 1385 943 1426 illis
973 1385 1040 1426 be-

245 1443 365 1500 nigne
389 1444 685 1500 accipiebantur.
732 1446 823 1484 cum
834 1458 927 1500 ergo
943 1445 1039 1484 Pau-

245 1500 303 1543 lus
318 1501 422 1558 ligna
436 1501 536 1543 forte
556 1505 637 1559 igni
660 1501 904 1543 admoveret:
934 1504 1039 1558 vipe-

247 1575 289 1602 ra
308 1560 498 1602 venenosa
515 1587 528 1605 ‚
556 1564 656 1602 inter
669 1560 773 1617 ligna
793 1560 859 1601 illa
878 1559 1039 1601 abscon·

246 1619 339 1665 dita,
355 1619 526 1660 calorem
537 1618 741 1662 ferventius
756 1618 1039 1675 persentiscens,

244 1681 299 1719 ita
309 1693 470 1718 manum
482 1677 658 1734 Apostoli
685 1677 940 1734 apprehendit
953 1706 965 1724 ‚
997 1691 1039 1719 ut

243 1736 425 1778 dentibus
445 1737 574 1777 eidem
599 1735 747 1777 fortiter
766 1736 913 1782 infixis,
943 1750 1039 1793 pen-

247 1794 339 1836 dula
356 1798 584 1836 remanserit.
614 1795 708 1850 quid
719 1794 768 1836 ad
786 1794 869 1836 haec
885 1794 1038 1836 Barbari

241 1853 491 1910 spectatores?
520 1854 720 1896 Dicebant
741 1853 841 1894 intra
860 1854 895 1894 se
917 1868 926 1892 z
957 1855 1037 1894 Hic

245 1912 371 1953 homo
382 1928 544 1970 magnus
561 1912 665 1954 certe
675 1911 793 1953 debet
810 1910 883 1953 esse
902 1927 1038 1968 pecca-

246 1984 329 2017 tor,
359 1974 449 2026 quia
464 1975 527 2014 vix
550 1971 646 2013 liber
670 1971 692 2012 a
714 1974 828 2012 maris
841 1971 1037 2028 periculo,

246 2030 444 2071 venenoso
465 2032 606 2072 iterum
645 2029 804 2071 animali
840 2030 1038 2072 necandus

245 2087 415 2130 offertur.
475 2094 741 2133 Veruntamen
778 2087 985 2145 Apostolus
1023 2118 1035 2135 ‚

244 2147 373 2187 credens
394 2149 431 2187 D
447 2150 485 2187 E
498 2153 525 2188 O
537 2147 597 2204 sico
619 2177 629 2194 ‚
660 2147 737 2188 sine
757 2146 870 2189 omni
891 2146 1037 2189 doloris

243 2205 347 2248 sensu
369 2207 563 2263 persistens
583 2236 594 2253 ,
625 2206 839 2263 serpentem
864 2208 946 2264 igni
975 2210 1035 2248 in-

240 2265 350 2320 jecit,
382 2264 588 2321 vivumque
606 2267 881 2307 concremavit.
940 2267 1037 2307 Cre-

242 2323 389 2365 debant
408 2327 566 2365 interim
592 2338 748 2370 omnes,
782 2322 943 2365 Paulum
969 2339 1034 2366 ve-

243 2396 349 2423 neno
371 2397 592 2439 correptum
609 2412 620 2429 ‚
650 2385 892 2439 quantocyus
914 2386 1035 2424 mori-

243 2454 369 2482 turum
386 2459 394 2483 :
413 2441 476 2482 sed
487 2444 577 2483 cum
588 2441 763 2483 viderent
780 2440 1035 2490 incolumem,

240 2514 287 2540 ac
298 2500 385 2540 nulla
397 2499 472 2555 Iaefio
484 2500 683 2541 inveniretur
702 2501 736 2540 in
751 2516 785 2540 eo
797 2529 808 2547 ‚
838 2514 933 2541 mox
945 2515 1030 2542 mu-

233 2557 311 2600 tata
321 2562 508 2615 opinione
523 2589 534 2605 ,
566 2573 684 2614 quem
702 2562 803 2616 prius
814 2562 1029 2602 maximum

234 2631 480 2673 peccatorem
514 2617 713 2664 dixerant,
745 2633 850 2659 nunc
866 2619 1029 2661 DEUM

236 2675 378 2718 debere
419 2675 491 2717 esse
513 2706 524 2724 ,
564 2691 704 2717 omnes
743 2676 1025 2719 exclamabant.

237 2733 348 2786 Idem
379 2737 530 2791 prorsus
558 2738 600 2776 in
631 2735 819 2792 purissima
846 2737 1027 2793 Deiparae

237 2794 513 2849 Conceptione
540 2793 714 2836 accidisse
739 2795 888 2837 videtur
912 2812 920 2836 ε
952 2797 1030 2852 Ap-

238 2854 510 2907 propinquavit
519 2851 668 2908 serpens
681 2882 691 2899 ,
721 2853 770 2894 ad
786 2853 1029 2910 infigendum

235 2912 271 2949 ei
293 2909 523 2965 originalem
541 2909 733 2958 morsum,
775 2914 817 2952 in
840 2911 997 2953 instanti
1015 2941 1027 2959 ,

236 2968 396 3024 quando
425 2971 556 3012 anima
586 2968 705 3012 infusa
744 2969 799 3012 est
835 2973 991 3029 corpori
1013 2999 1026 3023 ,

1112 62 1400 131 LXXXV.
1736 82 1834 141 293

1081 159 1294 216 omnesque
1307 160 1363 200 illi
1383 188 1394 205 ‚
1420 160 1487 214 qui
1509 155 1558 199 de
1577 156 1655 213 ejus
1673 164 1875 216 concepti*

1082 233 1160 259 one
1190 219 1409 263 audierant,
1439 217 1652 259 dicebant:
1684 217 1756 259 esse
1779 219 1875 259 alio-

1080 291 1166 317 rum
1196 276 1312 318 instar
1327 277 1536 318 hominum
1559 301 1571 320 a
1601 275 1806 323 infectam,
1837 282 1879 320 ὃς

1080 338 1339 391 peccatricem
1366 352 1376 376 ι
1417 333 1609 375 adhaerere
1640 334 1696 378 illi
1722 334 1874 392 lepram

1081 392 1320 439 Adami,&c.
1379 394 1431 434 At
1468 391 1682 435 Beatiffima
1720 397 1842 450 Virgo
1860 422 1871 439 ,

1079 449 1207 491 credens
1226 453 1415 505 DEOJuo,
1445 449 1672 507 serpentem,
1700 455 1873 493 contrito

1079 512 1229 565 capite,
1259 508 1308 549 ad
1320 512 1454 564 ignem
1475 521 1680 550 tartareum
1702 511 1874 566 projecit.

1079 566 1342 623 Expectabant
1366 565 1618 608 nihilominus
1651 566 1794 623 aliqui,
1830 568 1877 609 il-

1080 624 1160 666 lam
1189 640 1343 667 veneno
1370 623 1604 673 inflandam5
1649 640 1723 667 nec
1744 641 1876 668 tamen

1083 687 1137 724 ita
1151 683 1251 724 resse
1260 683 1415 730 habuit3
1434 686 1523 738 quia
1540 699 1604 740 per
1616 697 1741 726 totam
1753 689 1875 727 vitam

1082 741 1206 788 suam,
1237 741 1323 782 nulla
1358 741 1435 798 laefio
1453 770 1466 788 ‚
1497 741 1604 783 nulla
1628 743 1740 800 culpa
1759 770 1771 787 ‚
1801 759 1876 785 nec

1083 799 1277 847 mortalis,
1304 814 1377 840 nec
1396 800 1567 847 venialis,
1588 804 1628 841 in
1653 801 1697 842 ea
1712 805 1877 847 inveniri

1081 872 1241 915 poterat.
1301 860 1412 899 Hinc
1442 873 1526 899 non
1542 858 1696 902 defuere
1726 860 1842 916 aliqui
1866 890 1879 907 ,

1083 920 1150 972 qui
1167 919 1349 959 MARIAM
1362 919 1481 958 etiarn
1505 921 1524 969 (
1535 918 1606 967 teste
1622 923 1652 957 S.
1662 919 1876 975 Epiphanio)

1083 978 1306 1032 ignoranter
1315 975 1537 1021 credebant,
1560 975 1664 1016 fuiffe
1675 980 1717 1017 D
1729 979 1758 1017 E
1770 982 1806 1019 U
1818 980 1880 1020 M.

1083 1049 1157 1075 nec
1175 1037 1335 1081 mirum3
1367 1036 1460 1074 cum
1475 1033 1602 1090 &ipse
1623 1038 1657 1076 S.
1670 1035 1878 1091 Dionysius

1081 1095 1314 1149 Areopagita
1328 1089 1516 1133 confessus
1530 1092 1643 1134 fuerit
1654 1122 1664 1138 ,
1696 1092 1730 1134 se
1748 1096 1881 1137 Deam

1082 1150 1191 1192 illam
1217 1151 1452 1191 crediturum
1461 1149 1588 1197 fuisse,
1620 1150 1687 1191 nisi
1702 1152 1796 1193 fides
1815 1168 1882 1194 ex-

1085 1207 1205 1266 presse
1216 1212 1454 1251 contrarium
1466 1208 1698 1265 persuasisset.
1726 1213 1880 1267 Qam.

1086 1267 1141 1310 vis
1174 1283 1268 1325 ergo
1305 1270 1487 1309 MARlAM
1507 1267 1579 1309 esse
1598 1270 1780 1315 DEUM,
1820 1270 1881 1311 di—

1087 1326 1258 1367 cendum
1282 1325 1446 1367 minime
1464 1326 1508 1367 fit
1532 1344 1542 1373 3
1586 1340 1719 1368 tamen
1741 1342 1881 1370 omnes

1087 1384 1171 1425 aliae
1190 1384 1430 1426 excellentiae
1458 1384 1587 1426 eidem
1612 1384 1697 1426 sunt
1725 1385 1884 1428 attribu·

1088 1442 1225 1488 endae,
1256 1442 1332 1498 ipsa
1383 1446 1503 1483 etiam
1550 1443 1853 1499 impeccabilitas
1873 1473 1886 1493 ,

1088 1516 1174 1556 quae
1193 1499 1284 1542 licet
1297 1499 1365 1541 soli
1384 1502 1470 1542 DE
1486 1503 1526 1543 O
1546 1500 1588 1542 fit
1601 1505 1754 1558 propria
1777 1531 1789 1549 ,
1819 1518 1888 1560 per

1087 1573 1288 1601 naturam:
1320 1558 1576 1600 nihilominus
1614 1574 1680 1616 per
1721 1565 1885 1618 gratiam

1087 1620 1371 1660 communicari
1387 1633 1471 1659 non
1495 1617 1670 1674 implicat
1686 1633 1790 1675 purae
1802 1635 1884 1662 cre-

1087 1690 1225 1724 aturae,
1256 1690 1372 1733 prout
1404 1679 1490 1717 astu
1513 1679 1671 1718 MARm:
1695 1678 1751 1719 est
1773 1693 1888 1721 com-

1086 1738 1303 1782 municata‚
1333 1738 1374 1775 in
1386 1734 1463 1790 quii
1486 1734 1564 1776 hoc
1583 1734 1664 1792 ipso
1693 1736 1786 1777 nulla
1809 1737 1887 1792 laefin

1086 1795 1225 1836 inventa
1248 1794 1312 1846 est,
1343 1797 1434 1851 quia
1461 1792 1546 1850 plus
1567 1793 1686 1849 quam
1706 1796 1885 1844 Daniel,

1086 1853 1172 1910 plus
1209 1851 1328 1908 quam
1375 1857 1520 1904 Jonas,
1561 1852 1646 1909 plus
1697 1853 1816 1909 quam
1849 1869 1884 1907 3.

1085 1914 1213 1969 pueri,
1245 1910 1328 1968 plus
1363 1909 1647 1966 quamPaulu82
1680 1926 1726 1954 ac
1742 1928 1882 1956 omnes

1085 1970 1169 2026 aiij,
1198 1969 1331 2013 credidit
1341 1969 1521 2026 DEOfiw.

1251 2093 1300 2146 ρ’.
1319 2097 1371 2140 2.
1403 2082 1704 2138 Authoritas.

1084 2201 1125 2248 S.
1139 2193 1435 2246 RICharDVs
1458 2188 1483 2240 ἓ
1518 2196 1832 2244 S.LaVrentIo
1861 2230 1878 2256 ‚

1229 2263 1255 2315 ὲ
1275 2262 1395 2313 Labe
1417 2262 1719 2312 DefenDenS.

1083 2369 1115 2408 ιζ
1144 2365 1186 2405 In
1202 2360 1288 2403 nullo
1299 2358 1362 2400 alio
1380 2343 1575 2413 invenitfibi
1599 2360 1770 2405 Thronum
1781 2379 1875 2406 mun-

1139 2421 1242 2468 dum5
1274 2419 1353 2476 quia
1385 2416 1425 2458 de
1460 2416 1533 2475 ipsc?
1550 2417 1625 2476 fild*
1650 2419 1715 2462 dici
1736 2424 1837 2480 potest
1864 2440 1876 2464 z

1136 2482 1225 2522 Ίόιιι
1231 2476 1369 2536 pulchra
1391 2491 1424 2517 es
1443 2477 1549 2517 amica
1576 2493 1659 2525 mea,
1687 2488 1727 2524 (9-
1745 2482 1875 2524 macula

1134 2539 1249 2590 nonest
1270 2537 1305 2577 in
1326 2536 1388 2577 Ἠ.
1415 2535 1482 2576 De
1497 2537 1618 2578 Laud.
1643 2541 1752 2596 Virg.
1776 2539 1801 2580 l.
1815 2556 1871 2583 10.

1075 2636 1110 2663 2,
1138 2614 1327 2669 {MARIA
1339 2612 1451 2656 habuit
1467 2629 1567 2655 comas
1585 2615 1769 2664 wirnitum,
1799 2621 1874 2676 qui-

1131 2671 1192 2713 bm¹
1207 2672 1358 2726 christum
1374 2701 1387 2720 ,
1415 2683 1511 2730 caput
1526 2673 1644 2728 ficum,
1661 2679 1841 2718 exornawit
1857 2707 1871 2726 ‚

1135 2744 1239 2772 totum
1248 2731 1427 2774 attribuens
1434 2732 1550 2789 gratiae
1562 2734 1643 2789 ejus,
1654 2741 1720 2778 &a
1741 2741 1782 2777 ὠ·
1790 2737 1871 2793 quia

1129 2789 1328 2847 finefitrcind'
1339 2791 1614 2848 peccatorumfhit
1633 2821 1646 2839 ‚
1676 2792 1791 2849 &fine
1808 2795 1871 2837 bu-

1131 2864 1219 2890 more
1250 2849 1386 2905 alicujus
1423 2849 1666 2905 concupiscentiae
1691 2852 1837 2895 carnalis
1855 2883 1869 2902 ,

1133 2915 1174 2950 εἰς*
1182 2906 1253 2962 fine
1266 2923 1379 3007 lamore
1411 2908 1618 2956 terrenisacis.
1657 2910 1725 2953 De
1747 2912 1867 2957 Laud.

1131 2969 1241 3024 virg.
1283 2998 1290 3006 .
1308 2981 1356 3007 12‚

1107 3163 1226 3228 00
1268 3181 1296 3242 3
1723 3173 1821 3248 ἃς.

1894 2244 2027 2308 59οἐ
