2159 3508
128 364 262 429 408.

120 989 543 1048 40901LLIbata,
584 996 699 1054 IpsIs
746 995 948 1055 AngeLIs
991 994 1076 1039 aL-
1130 939 1171 1037 I

334 134 451 178 200

472 252 508 302 ς.
530 256 580 298 2.
624 242 919 297 Authoritas.

342 362 381 407 S.
393 359 609 422 IgnatIVs
626 360 816 425 MartlJr
835 392 847 413 ‚
885 355 962 420 ple
982 364 1055 408 De

440 429 786 543 conceffigffioe
820 427 919 474 sen-

295 598 347 636 Εἰ
361 592 490 651 quidam
500 592 706 647 notificave're
733 621 744 639 ‚
775 592 907 633 eandem
936 597 1088 635 wlatrem

353 654 473 698 DEI,
501 652 637 691 omnium
649 652 833 707 gratiarum
845 650 899 707 ff
916 653 1084 693 abundan-

351 724 415 750 tem
426 736 438 753 ‚
456 718 508 752 ,ώ-
527 710 663 748 omnium
681 710 842 750 ‘virtutum
861 736 872 753 ‚
902 727 941 750 ac
969 712 1085 768 gratiae

341 766 535 825 foecundam.
559 767 672 824 Epist.
686 770 726 807 in
741 772 848 820 Jo.em

530 891 567 941 §.
583 892 624 951 3.
660 883 842 944 Ratio,

426 1068 532 1112 tIVs
572 1067 754 1109 noMen
795 1063 932 1108 haere·

594 1135 781 1179 Dltans.

282 1229 489 1332 PAulus
524 1228 729 1286 Apostolus
746 1258 758 1276 ,
799 1229 848 1270 ad
888 1229 1076 1271 Hebraeos

391 1287 554 1330 scribens
566 1318 575 1334 ‚
607 1304 638 1329 c.
655 1305 680 1328 1.
694 1305 729 1330 v.
746 1303 784 1340 4.
806 1289 887 1328 haec
903 1289 950 1329 de
964 1289 1078 1330 Chri-

282 1347 341 1388 sto
362 1346 481 1388 habet
502 1364 511 1387 2
544 1347 651 1386 Tanti)
660 1347 770 1387 melior
785 1347 920 1402 Angelis
939 1345 1074 1402 effeffus,

281 1406 400 1463 quanti)
409 1403 602 1461 differentius
615 1434 626 1451 ,
659 1417 722 1461 prae
745 1405 827 1450 illis,
857 1421 967 1443 nomen
978 1405 1073 1444 haere-

281 1463 431 1508 ditavi&
461 1464 512 1502 cui
524 1464 605 1502 enim
623 1462 710 1502 dixit
728 1461 900 1519 aliquando
930 1463 1073 1518 Angelo-

280 1537 372 1563 rum:
401 1521 504 1560 Filius
528 1537 650 1560 meuses
662 1521 732 1560 tu?
754 1528 826 1562 δίε.
859 1535 905 1559 ex
918 1536 996 1574 quo
1011 1523 1071 1560 in-

281 1579 379 1622 ferre
417 1578 567 1620 videtur
595 1581 749 1619 Doetor
777 1582 975 1634 gentium,
1004 1593 1070 1633 per

278 1638 372 1683 hoe,
393 1636 501 1692 quod
517 1636 690 1677 Christus
701 1638 899 1677 Dominus
915 1636 1070 1691 pnecel-

279 1695 420 1738 lentius
445 1709 592 1735 nomen
604 1697 747 1734 caeteris
760 1694 940 1734 omnibus
952 1724 963 1740 ‚
1001 1696 1071 1734 eti-

280 1769 346 1796 am
358 1754 441 1811 ipsis
450 1752 606 1809 Angelis
635 1752 937 1797 haeredstavent,
969 1750 1069 1792 bene

278 1811 484 1859 concludi,
511 1826 600 1851 eum
615 1810 796 1851 omnibus
817 1837 826 1853 ‚
857 1810 1068 1866 etiamipfis

277 1870 463 1927 Angelis,
492 1868 743 1915 excellentia,
775 1870 961 1924 dignitate
979 1895 990 1912 ‚
1027 1875 1067 1911 ὅς

279 1928 399 1987 gratia¹
414 1928 533 1984 longe
548 1930 703 1968 anteire.
779 1930 896 1981 Atqui
910 1926 1067 1983 parifor-

279 1987 451 2029 miterde
460 1985 613 2042 Regina
634 1985 870 2041 Angelorum
884 2014 895 2031 ,
926 2000 1067 2041 nempe

278 2047 474 2091 MARIA,
503 2046 629 2084 dicere
641 2042 852 2099 polsumus:
887 2043 992 2082 Timto
1004 2060 1068 2083 me-

277 2104 340 2144 lior
359 2103 495 2159 Angele's
523 2101 630 2157 effifz‘a
650 2131 661 2148 2
691 2103 808 2158 quant&
840 2100 1032 2157 differentius
1056 2128 1068 2145 ,

273 2174 340 2220 prce
361 2162 444 2207 illis,
476 2177 586 2200 nomen
612 2160 812 2201 haereditavit
834 2177 845 2205 3
877 2163 937 2200 cui
962 2164 1068 2200 enim

279 2220 378 2260 dixit
409 2218 618 2274 aliquando
652 2218 918 2259 foeminarum:
951 2221 1070 2258 Mater

279 2294 352 2318 mea
363 2279 466 2317 estu?
477 2286 538 2320 &a
565 2277 672 2332 quod
691 2291 822 2318 tamen
845 2280 885 2317 in
896 2279 1071 2345 IxssARIA

278 2336 517 2378 verificatum
527 2365 537 2382 ‚
557 2336 605 2376 de
620 2334 696 2389 qua
707 2334 906 2376 Praesulum
916 2350 1072 2391 gemma

279 2393 508 2450 Augustinus
521 2423 530 2440 ,
544 2397 661 2435 Sei-m.
685 2408 713 2445 4
725 2410 751 2445 3.
785 2392 971 2449 erxpresse
990 2394 1074 2434 haec

279 2452 399 2493 habet
414 2467 423 2490 ;
440 2451 522 2506 ficut
540 2453 572 2491 in
589 2453 664 2492 caelo
675 2453 785 2492 habuit
797 2456 930 2491 Patrem
942 2454 1070 2492 immor-

278 2511 377 2551 talem
406 2517 444 2552 &
471 2524 620 2550 aeternum
639 2537 650 2554 ‚
668 2510 715 2565 fic
737 2519 775 2553 &
793 2512 826 2550 in
857 2510 945 2549 terre?
962 2510 1073 2549 habuit

279 2571 431 2609 Matrem
469 2596 479 2613 ‚
512 2568 598 2607 omni
658 2570 853 2625 corruptione
900 2583 1070 2609 carentem.

276 2629 402 2683 Ergo,
434 2628 522 2680 quia
543 2625 723 2666 omnibus
739 2627 912 2682 Angelis,
935 2633 975 2668 ὃς
997 2626 1071 2667 hoa

279 2685 447 2726 minibus
469 2684 646 2726 MARIA
671 2685 917 2725 excellentius
940 2686 1071 2724 Nomen

279 2742 518 2785 haereditavit
537 2771 548 2789 ‚
575 2756 718 2798 nempe
751 2746 902 2788 vocari,
932 2748 971 2783 &
997 2741 1070 2782 effe

279 2804 431 2842 Matrem
442 2802 561 2847 DEI,
591 2801 668 2842 hoc
681 2800 782 2857 ipso,
810 2802 914 2855 juxta
931 2801 1071 2841 doctri-

280 2863 418 2906 nams.
435 2858 554 2902 Pauli,
583 2860 763 2900 omnibus
776 2858 930 2916 Angelis
943 2859 1069 2914 digni—

281 2931 359 2958 tate
376 2944 387 2961 ,
416 2923 458 2960 ὃς
495 2917 617 2973 gratia
666 2922 820 2974 praeivit.
870 2915 1068 2963 Subshmo,

282 2976 356 3016 Sed
366 2974 503 3032 Angeli
514 2975 667 3017 fuerunt
676 2979 790 3018 creati
802 2979 842 3016 in
860 2975 977 3032 gratia
993 3004 1002 3020 ‚
1028 2983 1069 3018 ὃς

280 3033 428 3074 conditi
456 3033 597 3089 absque
618 3034 731 3076 omni
766 3049 951 3091 peccato,
978 3033 1070 3074 ficut

280 3096 321 3132 &
333 3090 479 3137 Adam,
506 3092 614 3146 quod
628 3107 708 3134 erat
720 3108 862 3150 magna
878 3091 1070 3133 excellen-

279 3152 354 3196 tia,
384 3154 426 3192 &
466 3153 611 3207 gratia,
653 3153 756 3209 Ergo
788 3151 913 3194 multo
942 3149 1067 3208 magis

741 115 834 176 De
845 114 1133 195 Concepta
1142 112 1297 172 Sacra
1310 110 1548 191 Deipara

1140 210 1351 252 Beatiffima
1364 211 1488 264 Virgo
1505 205 1639 247 debuit
1667 206 1829 263 gaudere
1859 205 1932 245 hae

1137 266 1365 309 excellentia
1379 295 1390 312 ,
1423 272 1464 307 &
1484 262 1697 320 praeservari
1728 263 1751 305 a
1770 276 1930 320 peccato

1135 325 1337 383 originali3
1364 323 1474 365 aliter
1501 325 1631 368 enim,
1661 322 1816 363 fifuisset
1832 337 1928 363 con-

1136 385 1216 425 dita
1229 389 1269 424 in
1279 396 1443 441 peccato
1456 410 1467 427 ,
1500 394 1584 421 non
1597 379 1719 421 solnm
1732 395 1816 420 non
1831 395 1926 435 pra:-

1136 443 1293 487 celleret
1309 471 1320 489 ,
1342 441 1405 482 sed
1428 440 1597 481 deterior
1636 438 1709 478 illis
1732 436 1856 486 {eff-et,
1885 441 1927 477 in

1136 501 1264 544 nullo,
1296 499 1415 540 nisiin
1431 497 1513 539 solo
1539 497 1684 537 Nomine
1701 498 1928 538 Maternita-

1137 563 1184 601 tis
1209 558 1378 605 Christi,
1408 555 1584 613 superior.

1332 679 1372 730 §.
1393 684 1447 740 4.
1488 669 1720 742 Historia,

1216 787 1368 831 PVero
1392 786 1642 839 CaDente,
1678 784 1850 831 MARIA

1392 857 1654 902 InVoCata.

1176 938 1218 978 N
1228 939 1397 980 Civitate
1409 938 1575 994 quadam
1587 937 1704 979 ltaliae
1719 966 1729 984 ‚
1760 941 1820 978 cui
1830 940 1917 979 Ber-

1191 1010 1321 1052 ‚gomo
1355 1012 1504 1039 nornen
1519 1026 1530 1042 ,
1571 997 1748 1051 quaedam
1768 996 1919 1037 habita-

1125 1051 1193 1093 bat
1212 1054 1371 1101 mulier,
1398 1054 1597 1096 laudabilis
1611 1057 1720 1097 vitae,
1739 1070 1784 1095 ac
1795 1054 1919 1111 fingu-

1124 1109 1211 1153 lari's
1223 1112 1427 1168 praesertim
1441 1116 1482 1153 in
1493 1115 1718 1168 Deiparam‚
1727 1111 1917 1166 ejusdem-

1123 1183 1198 1224 que
1217 1171 1509 1213 immaculatam
1522 1172 1838 1226 Conceptionem
1849 1171 1917 1211 de.

1123 1231 1304 1270 votionis.
1363 1231 1469 1270 Huic
1482 1227 1620 1270 filiolus
1635 1241 1733 1274 erat,
1751 1242 1915 1283 quatuor

1124 1301 1320 1328 annorum
1336 1317 1346 1333 ,
1373 1302 1416 1329 ut
1453 1302 1603 1328 amaena
1633 1286 1793 1328 aetatulae
1814 1286 1913 1328 illius

1124 1345 1351 1386 innocentia
1366 1346 1564 1402 praeditus,
1595 1348 1647 1386 ita
1677 1347 1915 1386 unicumPa-

1122 1416 1279 1444 rentum
1294 1403 1478 1446 delicium
1489 1430 1500 1446 ‚
1521 1403 1822 1445 domesticorum
1837 1433 1847 1448 ,
1867 1419 1914 1445 ac

1120 1459 1277 1501 familiae
1338 1460 1517 1503 universae
1571 1460 1910 1502 oblectamentum.

1120 1522 1287 1575 contigit
1307 1547 1318 1565 ‚
1359 1522 1530 1560 Matrem
1550 1548 1562 1565 ,
1592 1518 1749 1575 puerulo
1783 1518 1910 1560 secum

1119 1575 1252 1617 delato
1267 1607 1278 1623 ‚
1308 1575 1486 1618 solarium
1503 1577 1608 1617 suum
1628 1576 1884 1618 conscendere
1897 1606 1909 1623 ,

1119 1648 1164 1673 ac
1194 1634 1281 1675 Sole
1296 1636 1374 1688 jam
1399 1635 1448 1675 ad
1477 1635 1653 1675 occasum
1689 1648 1869 1690 vergente
1898 1664 1911 1682 ,

1120 1705 1191 1746 pro
1216 1692 1305 1732 aura
1325 1691 1525 1733 amaeniorl
1547 1691 1738 1747 captanda
1759 1692 1911 1734 liberius

1119 1748 1265 1791 ibidem
1278 1750 1532 1791 deambulare.
1595 1750 1668 1791 Sed
1683 1764 1773 1789 ecce
1789 1754 1797 1789 !
1816 1749 1911 1791 dum

1117 1808 1243 1849 infans
1255 1823 1409 1864 quoque
1421 1838 1431 1855 ,
1463 1807 1485 1849 ὲῑ
1494 1810 1622 1849 Matre
1637 1808 1771 1863 fibiipfi
1783 1805 1913 1847 dimis-

1116 1865 1172 1906 sus
1187 1896 1197 1913 ‚
1221 1867 1521 1907 circumcurficat
1540 1895 1553 1912 ‚
1585 1868 1828 1922 inexpectato
1854 1870 1914 1907 in-

1116 1923 1314 1970 fortunio,
1347 1937 1554 1980 antequam
1588 1927 1743 1965 retineri
1775 1924 1822 1965 ab
1844 1923 1910 1966 illa

1118 1982 1259 2038 poss'et,
1291 1982 1312 2023 ὲ
1331 1983 1465 2024 solario
1504 1998 1669 2039 praeceps
1706 1981 1905 2024 delabitur.

1118 2042 1227 2096 Qd
1248 2042 1311 2081 hic
1340 2056 1466 2097 ageret
1489 2040 1722 2082 afflistiffima
1746 2056 1869 2081 mater
1898 2070 1909 2088 ‚

1116 2114 1200 2153 quae
1226 2103 1421 2155 propriam
1441 2103 1566 2155 potius
1599 2103 1721 2141 vitam
1743 2128 1753 2145 ‚
1790 2098 1909 2154 quam

1117 2157 1280 2198 filiolum
1295 2158 1360 2198 sibi
1377 2158 1474 2199 adeo
1486 2158 1668 2198 dilectum
1689 2172 1768 2197 erat
1785 2158 1910 2213 perdi-

1120 2228 1224 2256 tura?
1253 2216 1529 2257 vixcadentem
1555 2216 1717 2258 advertit
1739 2215 1909 2257 infantu-

1118 2273 1225 2320 lum3
1256 2277 1346 2315 cum
1372 2275 1419 2315 ad
1440 2274 1669 2331 puriffimam
1691 2275 1828 2315 Divini
1851 2278 1910 2315 in-

1122 2332 1235 2373 fantis
1248 2337 1473 2389 genitricem
1481 2332 1678 2375 humiliter
1689 2347 1883 2372 recurrens
1899 2362 1911 2378 ,

1122 2390 1339 2447 suppliciter
1366 2406 1451 2431 eam
1482 2394 1633 2447 rogavit
1650 2420 1660 2437 ,
1691 2403 1733 2430 ut
1756 2405 1913 2446 propter

1123 2449 1328 2495 honorem,
1340 2453 1440 2491 Sacri
1453 2448 1709 2490 immaculatae
1723 2447 1791 2489 suec
1803 2451 1912 2490 Con-

1122 2511 1311 2563 ceptionis
1328 2507 1491 2563 mysterij
1505 2534 1515 2550 ›
1544 2508 1679 2564 praesto
1703 2505 1773 2547 esse
1792 2510 1831 2546 in
1847 2522 1914 2546 au-

1120 2565 1256 2606 xilium
1283 2566 1524 2622 dignaretur,
1555 2581 1598 2606 ac
1619 2565 1739 2605 filium
1755 2593 1765 2609 ‚
1793 2579 1911 2618 quem

1119 2624 1195 2680 ipsa
1220 2640 1301 2665 non
1317 2624 1398 2665 latis
1410 2623 1658 2668 custodierat,
1688 2622 1753 2662 illa
1771 2621 1910 2663 sollici-

1120 2686 1194 2723 tior
1208 2684 1335 2723 Mater
1353 2711 1363 2727 ‚
1391 2682 1413 2722 a
1437 2681 1714 2737 praesentiffimo
1730 2678 1909 2720 miseran-

1119 2740 1159 2780 di
1172 2741 1276 2781 cassis
1296 2739 1465 2795 periculo
1479 2738 1664 2779 liberaret.
1726 2741 1804 2780 Vix
1825 2753 1910 2793 pre·

1119 2814 1180 2838 ces
1196 2797 1334 2838 mulier
1362 2797 1498 2838 afflicsta
1513 2797 1682 2842 finierat,
1709 2811 1753 2836 ac
1785 2796 1911 2836 citiff-

1118 2871 1187 2897 mo
1200 2855 1324 2901 cursu,
1355 2871 1422 2912 per
1440 2854 1551 2896 scalas
1566 2883 1577 2899 ‚
1609 2855 1657 2896 ad
1674 2854 1854 2895 inferiora
1874 2854 1910 2896 ίὲ

1118 2929 1332 2971 receperat,
1365 2914 1458 2969 quid
1497 2913 1545 2954 de
1591 2913 1672 2954 filio
1709 2927 1881 2969 ageretur
1895 2941 1906 2958 ,

1119 2988 1235 3028 quem
1261 2987 1459 3014 mortuum
1485 2971 1665 3013 credebat
1692 2981 1700 3008 ε
1733 2970 1906 3026 explora-

1120 3045 1224 3072 tura:
1248 3035 1337 3073 ciim
1350 3035 1460 3072 ecce!
1486 3031 1905 3087 penitiisreperitinco-

1119 3089 1265 3132 lumem
1281 3120 1292 3137 ‚
1323 3105 1364 3131 ac
1382 3089 1472 3131 licet
1488 3089 1537 3129 ad
1558 3088 1761 3129 duriffimas
1781 3083 1903 3126 allisus

1117 3162 1266 3206 petras,
1297 3164 1344 3189 ex
1368 3147 1432 3189 illa
1457 3146 1577 3203 solarii
1607 3145 1808 3187 altitudine
1836 3157 1903 3198 pe-

1768 3216 1865 3242 ricu-

1946 811 2068 869 410.
