2159 3508
48 332 135 358 Serm.

49 373 197 399 LausMA

51 414 135 440 RJAE.

52 1003 137 1029 Serm-
147 1001 181 1029 de

55 1044 157 1071 Nativ.

53 1086 130 1123 Virg.

59 2297 147 2323 Serm.
156 2305 182 2323 ι..

59 2337 92 2364 de
115 2337 215 2365 Nativ-

62 2379 146 2419 Virg.

790 113 1116 195 Conceptus
1168 115 1308 178 LIX.

211 207 255 248 Id
285 208 485 250 enimvero
516 209 703 251 affirmare
746 226 830 251 non
855 208 1006 251 dubitat

212 268 366 306 Dostor
388 267 615 314 mellifluus,
644 284 709 325 per
745 269 828 308 haec
854 267 970 310 verba
998 282 1006 304 ε

216 325 834 383 InnumerabilemZ‘eatorumSpirituum
844 327 1007 367 militiam,

216 380 264 421 ad
284 384 485 438 minsserium
505 399 603 424 tantae
629 385 787 441 Principis
805 385 981 441 delegatam
999 409 1009 427 ‚

217 440 393 481 nullatem‘cs
402 442 608 499 ambigimm‚
639 444 745 498 utpote³
761 469 771 485 ‚
803 444 858 499 qui
881 440 1012 495 custodi-

219 514 289 538 rent
304 500 415 540 leffum
425 502 602 540 salomonis
613 502 825 556 grattffimum
841 529 852 545 ‚
882 515 919 538 ac
931 510 1010 555 pro-

219 557 367 598 viderent
380 588 392 604 ,
424 575 461 597 ne
462 570 681 615 praeparatum
693 573 806 597 aeterno
819 558 906 613 ngi
925 555 1012 596 cubi-

220 617 325 656 culum
342 617 461 673 aliquo's
495 617 586 668 hostis
610 615 791 656 invaderet.
823 621 864 657 ὃ(
899 613 985 656 sane
998 640 1010 661 ,

221 675 316 729 quid
339 673 460 731 magis
483 677 718 715 conveniens
746 703 758 720 ,
810 672 930 727 quam
971 685 1014 714 ut

222 736 386 779 Mamm,
422 732 628 773 constituta
658 734 737 786 jam
773 730 1014 788 Angelorum

223 794 372 848 Regina
390 819 402 836 ,
440 790 634 845 frequenti*
671 805 766 831 mox
806 794 1014 846 Spirituum

220 849 495 905 Angelicorum
508 848 681 889 custodia
693 851 905 889 muniretur
918 862 928 889 .>
958 848 1016 889 id„

220 908 340 963 ipium
359 906 459 947 clare
471 906 656 947 sentiente
681 910 712 948 S.
728 906 910 948 fulberto
922 910 1017 948 Car-

221 963 376 1005 notensi
387 994 398 1010 ,
430 981 475 1006 ac
515 965 562 1005 fic
591 965 823 1006 discurrente
841 984 848 1006 :
883 971 1019 1024 Qanta

213 1035 368 1080 putamus
375 1022 516 1080 provisio
528 1024 727 1080 Angelorum
741 1025 824 1063 circa
835 1039 902 1064 tam
918 1026 990 1063 DE
993 1028 1019 1063 O

214 1082 403 1138 gratiffimos
415 1084 573 1121 Parentes
582 1112 592 1127 ,
605 1082 646 1121 ab
659 1084 750 1122 initio
755 1083 820 1137 fiiae
824 1082 1019 1140 procreatio-

222 1142 272 1179 ηιξ
297 1139 683 1195 (ideflWIARIAE)
706 1150 744 1183 (φ
757 1141 964 1195 excubatiofic
987 1157 1020 1180 er

223 1213 293 1237 tam
305 1199 461 1254 ingentem
473 1198 612 1237 sobolem
624 1200 649 1238 ‚¹³
680 1199 756 1238 nulli
768 1199 908 1257 profeHo
927 1199 1020 1238 dubi-

225 1272 278 1295 um
299 1257 339 1310 est
351 1287 359 1302 ‚
388 1255 472 1312 quod
486 1258 567 1296 circei
579 1273 648 1296 eam
663 1259 737 1311 jam
749 1272 824 1297 tunc
836 1258 936 1297 omnis
947 1257 1020 1312 fre-

225 1317 356 1372 quentia
372 1315 536 1363 caelestium
546 1316 707 1371 agminum
717 1315 934 1372 invigilabat,
968 1330 1020 1355 ut-

219 1385 295 1430 pote
304 1402 315 1419 ‚
345 1389 440 1429 quam
440 1372 540 1430 ffipra
539 1374 576 1428 [ἑ
587 1372 799 1413 exaltandam
811 1374 938 1412 minim&
952 1389 1022 1412 am-

226 1430 380 1487 bigebant.
400 1436 440 1472 ὃ(
457 1431 591 1471 nonne
608 1430 686 1470 hoc
702 1430 921 1472 merebatur
933 1435 1021 1473 Vir-

226 1503 297 1545 go,
329 1488 486 1545 Angelis
510 1488 693 1529 omnibus
712 1488 831 1547 longe
845 1488 1022 1545 praestan-

226 1550 324 1587 tior?
361 1549 492 1587 Fortes
507 1546 591 1587 sunt
612 1546 753 1603 Angeli
769 1564 776 1588 :
809 1548 1023 1588 Fortiffima

225 1620 270 1646 ac
283 1606 519 1646 invistiffima
531 1635 540 1651 ‚
564 1605 647 1646 tota
662 1610 748 1648 vitae
762 1604 833 1647 suae
848 1606 1024 1662 periodo,

225 1666 383 1705 MARIA.
445 1664 595 1705 Ardent
623 1668 663 1704 in
687 1665 769 1705 DE
782 1667 875 1706 ΠΜ
892 1679 1024 1705 amore

225 1721 386 1778 Angeli:
420 1725 534 1778 ignea
545 1736 624 1763 erat
635 1722 685 1762 ad
697 1723 871 1768 DEuM,
891 1728 931 1765 &
950 1722 1024 1763 ho-

227 1784 351 1821 mines
363 1783 520 1821 MARIA.
566 1780 837 1837 Intelligentiae
849 1780 932 1822 sunt
942 1783 1023 1822 An-

227 1838 303 1895 geli
325 1857 332 1880 :
367 1838 640 1894 Sapientiffima
682 1843 813 1896 Virgo.
873 1839 934 1881 Ad
965 1840 1023 1880 di-

228 1896 327 1939 versa
338 1900 474 1939 DEUS
496 1900 628 1938 munia
644 1899 800 1955 Angelis
811 1900 947 1944 utitur,
964 1913 1023 1940 ut-

228 1970 318 2011 pote
335 1959 374 1995 in
387 1956 638 1997 ministerium
659 1957 866 1998 hominurn
884 1957 997 1997 miffis
1013 1974 1021 1999 :

228 2014 276 2054 ad
287 2018 519 2070 praecipuum
536 2018 716 2056 omnium
731 2044 741 2061 ,
772 2015 879 2070 quod
890 2030 1026 2072 opera-

228 2086 286 2112 tus
307 2072 360 2112 est
371 2072 542 2128 unquam
554 2102 564 2119 ‚
583 2087 647 2114 aut
662 2088 882 2130 operaturus
894 2074 948 2115 est
965 2074 1024 2115 of-

229 2130 359 2171 ficium
377 2134 513 2173 DEUS
533 2161 544 2177 ,
576 2130 761 2188 assumpta
785 2132 838 2174 est
862 2136 984 2190 Virgo
1010 2158 1023 2178 ,

229 2203 271 2230 ut
282 2193 468 2230 nimirum
481 2193 605 2231 DEuM
619 2205 775 2247 pareret.
823 2192 930 2232 Hinc
941 2207 1022 2232 cre-

228 2247 348 2288 dibile
360 2249 575 2289 admodum
588 2249 653 2295 est,
669 2250 776 2304 quod
787 2252 911 2290 Divus
925 2253 1023 2294 Vin-

230 2311 376 2348 centius
403 2307 537 2348 refert:
566 2310 606 2348 In
620 2308 800 2365 felicz'ffima‘*
816 2307 876 2348 illc?
902 2311 1024 2349 MA-

230 2368 354 2420 RIAE
365 2366 564 2423 Conceptione
574 2393 584 2409 ,
615 2366 793 2406 mandante
811 2383 887 2406 mox
897 2368 1022 2407 Numi-

227 2439 265 2462 ne
271 2424 436 2480 praefi’ntia
453 2423 582 2481 aaffiaeiſjb
601 2426 666 2464 tria
688 2425 928 2466 cherubinorum
949 2427 1022 2467 mil-

226 2482 290 2527 lia,
321 2499 402 2523 non
415 2483 530 2524 alium
545 2483 647 2524 certe
668 2483 720 2524 ob
739 2485 867 2530 tinem,
899 2484 1018 2539 quam

226 2555 315 2594 quia
327 2541 513 2580 mandatum
530 2542 610 2598 iplis·
631 2542 678 2582 de
691 2545 839 2583 Minuit
859 2543 980 2584 fuerat
1004 2573 1014 2589 ,

225 2613 267 2640 ut
290 2599 473 2645 custodirem
484 2618 552 2639 eam
563 2601 596 2639 in
611 2601 752 2640 omnibus
764 2602 901 2657 wijsficis
913 2631 922 2647 ,
958 2600 1018 2657 inq‘5

223 2658 369 2697 manibus
377 2659 465 2698 illam
478 2672 668 2716 portarent,
691 2676 728 2698 ne
729 2661 818 2714 fort&
838 2658 1016 2716 offenderet,

223 2717 264 2754 in
295 2716 425 2771 aliquo
446 2717 599 2758 instanti
618 2747 626 2763 ‚
670 2717 717 2757 ad
734 2718 870 2776 lapidem
893 2718 1014 2775 culpa:

222 2774 418 2830 originalis
448 2804 458 2821 ,
496 2775 606 2832 pedem
625 2777 730 2831 ficum.
790 2777 899 2834 Qid
921 2792 1014 2834 ergo

220 2835 362 2872 mirum
375 2861 385 2879 ‚
416 2833 441 2872 fi
457 2848 535 2880 tot,
564 2850 607 2874 ac
624 2838 756 2881 tantis,
779 2835 937 2892 tamque
948 2852 1014 2878 va-

219 2889 306 2931 lidis
328 2894 498 2946 protecta
519 2893 737 2934 custodibus
752 2923 762 2939 ‚
789 2910 872 2934 non
886 2893 1010 2936 solum

220 2964 303 2989 non
314 2947 477 2990 offendit
499 2951 671 3004 unquam
693 2951 739 2992 ad
754 2951 923 3008 lapidem
950 2953 1000 2994 of
1002 2982 1009 2990 ·

219 3007 397 3048 fenfionis
408 3037 419 3053 ,
449 3011 582 3049 verum
597 3012 712 3049 etiarn
728 3009 893 3066 glorioso
908 3012 1007 3068 pede

209 3065 306 3123 ficper
325 3065 481 3123 aspidem,
523 3076 560 3108 (9-
583 3066 752 3122 bafilisc'um
777 3068 1006 3112 infernalem

217 3124 461 3165 inambulans
484 3153 493 3169 ‚
522 3125 599 3163 nibil
614 3127 793 3181 proficiente
813 3128 847 3166 in
870 3127 909 3167 ea*
939 3135 1006 3179 (ut

214 3197 335 3240 nuper
345 3183 533 3232 diximus)
566 3185 707 3230 inimico,
732 3185 1004 3228 conculcawitLe-

1055 225 1142 249 onem
1155 218 1192 252 εῖτ
1204 207 1412 248 Draconem?
1423 206 1540 250 Certe
1561 214 1572 260 (
1588 222 1629 250 ut
1640 209 1745 250 idem
1754 212 1852 251 Vin-

1056 271 1202 307 centius
1218 266 1325 322 iupra
1347 266 1531 307 adductus
1562 267 1697 317 refert)
1723 270 1852 323 Ange-

1060 324 1123 364 lici
1147 325 1186 365 hi
1204 324 1349 381 spiritus
1379 324 1578 366 solennem
1591 328 1669 380 jam
1687 340 1772 367 tum
1783 327 1853 366 Fe-

1059 383 1288 426 stivitatem‚
1318 387 1359 423 in
1376 386 1538 440 Reginae
1554 383 1623 425 suae
1642 384 1852 441 puriffimae,

1060 457 1103 481 ac
1127 441 1374 482 immaculate
1404 456 1606 498 concepta:
1634 444 1829 484 honorem
1845 470 1856 488 ,

1060 499 1206 540 summa
1218 498 1347 540 laetitia
1358 530 1368 545 ‚
1392 516 1436 541 ac
1445 500 1700 556 gratulatione
1712 504 1752 542 in
1763 503 1857 543 Coe·

1061 557 1105 598 lis
1126 557 1379 598 celebrarunt.
1449 561 1538 598 Nec
1573 560 1771 602 reticenda
1790 557 1857 601 hic

1061 617 1155 656 Divi
1174 614 1292 656 nostri
1303 614 1474 656 Anselmi
1486 616 1627 658 devota
1638 632 1709 674 pro
1717 617 1858 674 puriffi-

1063 673 1129 714 ma
1150 674 1222 714 hac
1248 673 1489 730 Angelorum
1525 676 1679 732 Regina
1708 677 1860 717 ienten-

1890 279 1964 310 ibid.

1063 735 1138 772 tia:
1169 732 1336 788 Angelos,
1366 737 1418 774 ait
1428 731 1514 779 ille,
1537 733 1860 791 alijspeccamibusa
1878 750 2004 780 Samae

1059 803 1189 848 peccam
1204 792 1384 845 servavit>
1413 791 1620 846 &foeminam
1640 794 1791 834 Matrem
1797 793 1859 849 su-
1877 794 2015 829 Concept.

1065 864 1121 888 am
1130 848 1300 904 fhturam,
1333 848 1377 888 ab
1394 849 1530 889 aliorum
1547 853 1688 907 peccatis
1717 865 1860 891 exortem

1059 907 1197 963 servare
1207 923 1268 946 non
1271 908 1378 963 potuit
1397 908 1423 946 ,Ρ
1451 909 1484 946 in
1498 910 1673 948 aeternitate
1692 909 1861 965 confilijfin'

1060 965 1174 1017 statuit
1188 994 1199 1011 ,
1226 981 1295 1004 eam
1308 966 1469 1021 Reginam
1482 968 1557 1020 fore
1571 968 1789 1023 Angelorum,
1821 976 1861 1010 ά

1068 1025 1101 1062 in
1114 1024 1297 1078 consortium
1320 1023 1560 1081 conceptameffi
1578 1025 1771 1078 crederemus
1785 1037 1861 1083 pec-

1068 1096 1212 1121 catorum
1234 1082 1259 1121 ,Ρ
1289 1081 1405 1122 Absit.
1446 1083 1672 1124 Dicendum
1711 1087 1861 1141 potius,

1069 1142 1251 1181 MARIAM
1272 1143 1313 1180 in
1352 1139 1509 1182 instanti
1543 1140 1613 1182 illo
1646 1142 1864 1184 feliciffimae

1070 1197 1140 1238 suae
1173 1201 1482 1255 ConceptioniS‚
1526 1199 1644 1255 longe
1669 1200 1863 1242 excellen-

1070 1255 1160 1297 tiori
1172 1284 1182 1300 ,
1205 1256 1324 1311 quam
1364 1256 1556 1313 Angelos,
1594 1257 1697 1298 fuiffe
1745 1259 1866 1316 gratia

1072 1314 1298 1371 praeditam?
1330 1330 1422 1354 nam
1438 1344 1448 1360 ,
1480 1316 1554 1355 sihi
1570 1319 1610 1356 in
1631 1318 1752 1372 gratia
1770 1334 1867 1358 con-

1073 1374 1145 1413 diti
1165 1388 1252 1413 earn
1274 1373 1524 1414 constitutam
1548 1377 1742 1430 Reginam
1762 1376 1867 1417 suam

1074 1434 1115 1470 in
1137 1431 1300 1471 exordio
1324 1431 1557 1472 maculatam
1577 1433 1867 1488 conspexiffent‚

1072 1487 1226 1546 gloriari
1237 1489 1340 1529 certe
1361 1493 1577 1530 etiamnum
1596 1491 1768 1546 pollent,
1800 1509 1870 1548 pu-

1072 1550 1215 1587 riorem
1223 1547 1289 1588 sibi
1308 1545 1412 1588 fuiffe
1423 1551 1614 1604 originem
1624 1578 1637 1595 ,
1662 1549 1781 1604 quam
1791 1551 1846 1591 illi
1858 1581 1869 1598 ‚

1073 1603 1199 1660 ficdue
1224 1610 1258 1645 ei
1276 1605 1450 1646 insultare
1471 1636 1482 1652 ‚
1527 1606 1636 1648 velut
1664 1607 1766 1665 turpi
1802 1610 1870 1650 ali-

1074 1663 1234 1719 quando
1254 1668 1402 1720 peccati
1425 1665 1580 1706 macula
1610 1665 1871 1723 conspurcatae

1074 1725 1251 1779 Reginae.
1327 1725 1393 1763 Ne
1425 1723 1518 1780 ergo
1556 1723 1647 1766 servi
1673 1727 1870 1783 Reginam

1074 1794 1226 1822 tantam
1245 1779 1465 1837 despiciant,
1479 1781 1647 1824 omnino
1659 1783 1872 1828 dicendum

1072 1839 1147 1883 est,
1184 1842 1425 1895 eximpzrio,
1457 1841 1563 1895 quod
1589 1844 1775 1884 MAMA
1802 1844 1872 1886 ha-

1072 1897 1139 1938 bet
1164 1897 1270 1954 super
1291 1898 1461 1954 Angelos
1476 1928 1486 1945 ‚
1520 1900 1673 1946 inferri,
1705 1916 1789 1942 non
1812 1903 1872 1944 so-

1072 1955 1155 1997 lum
1172 1956 1194 1997 ὲ
1205 1971 1366 2013 peccato
1383 1973 1468 1997 eam
1488 1958 1668 2014 originali
1678 1958 1783 2000 fuisse
1795 1964 1869 2003 im-

1072 2029 1260 2061 munem,
1291 2018 1424 2057 verum
1458 2030 1576 2057 etiam
1611 2020 1650 2057 in
1675 2017 1735 2059 sua
1759 2021 1870 2061 Con-

1075 2078 1256 2130 ceptione
1286 2073 1412 2114 multo
1442 2074 1708 2116 excellentiori
1747 2079 1873 2134 gratissi.

1073 2133 1263 2173 donatam
1285 2132 1390 2173 fuiffe
1412 2151 1421 2179 ς
1452 2135 1543 2174 cum
1560 2136 1714 2191 Regina
1736 2139 1869 2192 utique

1075 2197 1087 2243 (
1107 2205 1148 2232 ut
1160 2190 1250 2232 alibi
1272 2191 1543 2247 probavimus)
1567 2195 1608 2232 in
1632 2192 1876 2251 excellentijs

1072 2247 1276 2291 nobilitate
1301 2276 1313 2293 >
1344 2256 1384 2292 &
1405 2252 1533 2307 gratijs
1558 2250 1664 2292 servo
1680 2253 1869 2296 excellere

1072 2308 1221 2350 debeat.
1293 2308 1380 2349 Imo
1408 2307 1562 2350 asserere
1587 2325 1670 2350 non
1699 2326 1836 2353 vereor
1856 2342 1869 2360 ‚

1072 2369 1255 2408 MARIAE
1281 2366 1302 2407 ὲ
1324 2366 1528 2409 communi
1556 2366 1658 2425 lapsu
1677 2375 1868 2428 exempti·

1071 2441 1193 2466 onem
1206 2430 1245 2466 in
1258 2440 1443 2482 magnam
1455 2426 1590 2467 ceffiffe
1605 2426 1771 2484 gloriam
1783 2445 1867 2471 non

1070 2487 1222 2524 tantum
1242 2484 1383 2526 Christi
1402 2486 1480 2538 ejus
1515 2485 1621 2540 Fssij,
1649 2485 1712 2527 sed
1746 2491 1865 2529 etiam

1070 2542 1310 2599 Angelorum
1327 2545 1528 2589 omniurn,
1560 2559 1726 2599 quorum
1744 2549 1865 2587 ruinae

1071 2616 1137 2657 per
1150 2604 1352 2658 Virginem
1364 2616 1588 2658 reparantur
1601 2632 1612 2648 ‚
1642 2603 1784 2658 quic'lue
1797 2604 1868 2645 tali

1067 2660 1222 2717 Regina
1253 2664 1293 2700 in
1314 2675 1478 2701 omnem
1503 2664 1758 2702 aeternitatem
1779 2662 1868 2718 glo-

1065 2719 1275 2764 riabuntur,
1335 2721 1558 2761 Ueterum,
1586 2733 1628 2760 ut
1660 2725 1701 2760 &
1748 2733 1822 2761 nos
1851 2751 1863 2768 ,

1063 2793 1141 2818 una
1166 2793 1255 2818 cum
1272 2777 1429 2834 Angelis
1458 2807 1469 2823 ‚
1494 2776 1563 2818 tali
1592 2776 1772 2833 Regina,
1813 2780 1863 2821 ab

1063 2836 1177 2877 omni
1216 2835 1302 2876 labe
1330 2835 1518 2892 puriffima
1549 2864 1559 2880 ,
1590 2838 1779 2878 :eternum
1820 2842 1862 2879 in

1064 2894 1187 2936 Coelis
1207 2894 1360 2953 gloriari
1393 2894 1594 2950 poffimuS,
1637 2896 1862 2940 MARIAM

1059 2953 1107 2994 ab
1131 2953 1462 3006 administratorijs
1483 2949 1586 2992 hisce':
1609 2950 1796 3008 spiritibus
1817 2959 1860 2997 in

1057 3014 1331 3067 Conceptione
1345 3013 1483 3066 jugiter
1497 3008 1747 3059 custoditam,
1767 3013 1858 3070 fict¹15

1055 3084 1122 3125 per
1134 3073 1323 3111 Divinam
1349 3068 1658 3125 providentiam,
1691 3070 1854 3115 sollicite

1053 3127 1102 3168 ab
1121 3126 1234 3168 omni*
1257 3126 1342 3167 labe
1376 3126 1638 3184 praelervatam
1652 3155 1664 3174 2
1693 3131 1812 3172 corde
1830 3161 1841 3176 ,

1053 3200 1138 3232 ore,
1165 3201 1209 3226 ac
1221 3184 1372 3227 calamo
1388 3185 1586 3229 fateamur.

1733 3253 1765 3295 ς.
1789 3263 1822 3287 2.
