2159 3508
77 268 197 338 367.

821 83 1144 166 Conceptus
1224 83 1357 144 Lm.

467 184 573 246 §.3
610 176 793 237 Ratio.

308 265 490 325 IMpV
509 277 567 309 ra
601 264 967 324 ConCeptIo

489 332 784 379 absVrDa.

341 401 478 440 Onum
497 398 552 439 est
580 410 851 453 argumentum
875 425 887 442 ,
917 393 1037 435 dedu-

361 459 464 497 ctum
493 471 542 497 ex
567 454 806 497 evidentibus
837 453 1002 495 absurdis
1026 470 1033 493 ε

243 528 286 555 ut
311 515 500 555 indicatur
521 517 563 554 in
583 512 626 554 L.
653 529 728 552 nam
756 511 924 568 abficrdum
946 509 983 550 ff
999 509 1036 550 de

245 574 348 629 operis
377 573 536 612 libertate.
579 571 654 612 Sed
679 571 704 611 si
723 572 1038 627 Beatae3Virginis

247 633 470 687 Conceptio
490 633 658 685 impura,
690 629 730 669 id
765 628 839 673 est,
870 627 1039 668 macula-

247 703 288 729 ta
316 702 479 745 peccato
518 686 698 744 originali
735 685 884 732 sufflet,
916 685 1039 727 multa

245 746 486 802 sequerentur
511 747 704 787 evidentia
742 744 911 786 abiurda.
971 746 1039 784 Er-

247 820 299 862 go
319 807 499 860 Deiparae
525 807 693 861 Virginis
713 806 938 859 Conceptio
966 807 1039 843 im-

248 878 341 919 pura
380 860 451 903 effiz
487 878 568 903 non
605 862 738 918 potest.
799 865 898 903 Min.
925 861 1036 902 Prob.

247 924 345 975 Qs
374 936 457 961 non
500 920 701 961 absurdum
724 920 869 961 diceret
887 950 898 966 ,
931 920 1038 974 quod

245 983 460 1035 corruptrix
481 983 629 1035 generis
642 980 813 1021 humani,
827 980 909 1020 Eva
926 978 1039 1019 fuerit

244 1037 322 1077 fine
359 1037 446 1078 labe
482 1038 668 1094 produc‘ta
686 1067 696 1083 ,
727 1036 887 1078 econtra
917 1037 1038 1079 vivifi-

245 1099 367 1137 catrix
391 1110 535 1136 naturae
555 1098 734 1137 humana:
750 1099 792 1135 in
811 1109 937 1136 morte
953 1111 1040 1151 pec·

245 1158 323 1194 cati
363 1154 406 1195 sit
439 1169 629 1210 concepta
652 1167 663 1195 .>
713 1154 761 1194 de
780 1154 855 1209 qua
879 1157 1040 1196 S.Bern.

245 1211 353 1268 super
390 1211 543 1269 ‘Arliffiaesz
575 1218 601 1252 O
629 1214 797 1268 faeminam
835 1212 1043 1269 singulariter

247 1270 468 1311 venerandam
489 1300 499 1317 ‚
520 1271 617 1328 ficper
642 1287 746 1310 omnes
764 1272 910 1326 foeminas
937 1271 1042 1310 admi-

247 1328 398 1375 rabilem,
421 1341 593 1385 parentum
615 1331 839 1386 reparatricem
862 1355 874 1373 ,
906 1330 1043 1385 postero-

245 1403 318 1427 rum
343 1387 586 1440 ‘vivificatricem
611 1387 624 1425 .'
671 1390 770 1442 Qs
796 1402 880 1427 non
920 1386 1043 1427 absur-

204 1457 207 1459 “
246 1445 341 1485 dum
363 1445 526 1491 diceret,
558 1443 665 1499 quod
685 1445 773 1488 illa,
803 1460 888 1499 quae
909 1445 958 1485 ad
984 1459 1044 1485 to-

244 1515 328 1543 tum
353 1517 473 1559 genus
496 1503 713 1544 humanum
735 1502 946 1543 sanandum
980 1519 1045 1544 ve-

246 1575 378 1607 nerat,
411 1565 450 1601 in
478 1566 606 1618 primo
640 1565 911 1618 conceptionis
933 1577 1043 1602 exor-

247 1619 338 1665 dio,
371 1619 502 1660 lethali
530 1620 687 1661 vulnere
711 1620 1042 1676 prosterneretur?

245 1678 294 1718 de
329 1693 405 1732 qua
436 1681 459 1719 S
496 1679 649 1735 August.
681 1682 801 1720 Serm.
829 1679 878 1719 de
908 1681 1040 1721 Nativ.

244 1735 399 1792 Percuffit
409 1736 484 1780 illa,
526 1737 566 1777 id
592 1737 667 1783 est,
698 1739 796 1783 Eva,
818 1737 957 1793 sanavit
966 1738 1043 1791 ista,

244 1793 370 1840 idest,
407 1797 564 1836 MARIA⁵
627 1798 724 1851 Qis
741 1811 823 1836 non
841 1795 1044 1837 absurdum

244 1852 391 1893 diceret
407 1883 417 1899 ,
448 1852 630 1908 quodilla
643 1881 654 1900 ,
685 1867 770 1909 quae
781 1867 912 1897 totum
928 1868 1041 1896 mun-

245 1911 341 1952 dum
361 1911 577 1953 illuminare
606 1927 785 1960 venerat,
816 1916 858 1953 in
888 1912 940 1954 sui
965 1916 1041 1970 pri-

245 1970 402 2011 mordio
425 1969 684 2012 obscuraretur
713 1984 723 2012 ,2
755 1971 803 2012 de
824 1987 899 2027 qua
917 1971 1041 2028 supra-

246 2028 370 2069 diCrus
399 2028 610 2070 Mellifluus
635 2032 758 2070 Hom.
776 2030 930 2087 201uper
948 2030 1038 2086 ‘Mis-

235 2085 317 2141 fios.-
345 2089 579 2143 MARIAE
609 2088 776 2144 praesentia*
801 2102 887 2129 totus
907 2089 1041 2143 illustra-

245 2158 300 2184 tur
327 2145 410 2184 orbzis
440 2164 449 2191 ς
484 2146 550 2202 ipsa
572 2148 652 2186 enim
675 2146 816 2201 cflstella
845 2147 901 2188 illa
927 2148 1039 2189 nobilzis

243 2218 287 2241 ex
308 2203 412 2250 Jacob
451 2218 522 2244 orta
544 2234 556 2250 ‚
598 2208 688 2260 cujus
718 2204 829 2244 radim
855 2207 1037 2262 univerfitm

243 2259 348 2300 orbem
370 2262 528 2302 illuminat
549 2293 558 2308 ‚
594 2267 685 2319 cujus
701 2263 850 2320 splendor
872 2267 906 2304 in
921 2265 1035 2322 stiper-

243 2320 403 2376 m'sficlget
413 2346 425 2363 ,
456 2329 495 2363 (9·
505 2322 620 2376 inftros
623 2335 781 2379 penetrat.
843 2325 942 2380 Qis
951 2339 1035 2366 non

243 2376 624 2425 abiurdumdiceret,
654 2382 782 2435 quod,
815 2396 899 2436 quae
917 2381 1034 2424 bene-

242 2435 370 2477 dicere
410 2453 567 2479 venerat
590 2443 700 2480 omni
727 2454 906 2481 creaturae
932 2471 942 2487 ‚
991 2445 1034 2482 in

241 2492 293 2535 sui
314 2496 476 2536 exordio
513 2496 588 2553 ipia
631 2498 954 2541 malediceretur?
984 2501 1033 2541 de

243 2567 319 2607 qua
344 2557 438 2611 Aug.
461 2558 522 2596 cit.
569 2562 595 2596 0
610 2559 711 2612 Virgo
736 2557 896 2597 beneditla
930 2559 943 2598 .'
974 2571 1034 2616 per

243 2614 332 2667 cujus
350 2612 590 2654 benedielionem
616 2615 809 2656 benedicitur
827 2617 928 2656 omnis
947 2634 1034 2657 crea-

241 2683 331 2710 tura.
389 2674 487 2726 Qis
522 2673 682 2714 tandem
712 2689 794 2715 non
829 2674 1033 2717 absurdum

242 2727 389 2769 diceret
409 2756 419 2772 ,
451 2731 557 2785 quod
576 2731 662 2778 illa,
695 2748 780 2787 quae
802 2736 1035 2776 DEUMin-

246 2788 449 2842 corporare
470 2789 656 2836 debebat,
685 2807 822 2848 corpus
843 2793 952 2834 fieret
982 2794 1031 2835 de

241 2858 405 2900 corpore
427 2846 594 2900 diaboli,
626 2856 665 2892 ἃ
687 2852 764 2903 ejus
785 2851 1031 2893 membrum?

240 2916 283 2943 ut
299 2905 407 2943 enim
429 2908 481 2946 ait
503 2906 721 2948 Alexander
745 2908 873 2950 Alens.
901 2914 1027 2952 Tracffi.

240 2960 291 3002 de
312 2976 455 3018 peccat.
478 2964 618 3006 diabol.
683 2967 855 3024 Qihabet
864 2980 1029 3024 peccatum

239 3021 374 3060 mortale
389 3050 399 3067 ,
431 3022 471 3076 est
491 3022 530 3061 de
555 3036 677 3080 corpore
696 3025 834 3071 diaboli,
865 3035 904 3069 (φ
923 3043 1029 3067 omnes

238 3078 342 3136 iniqui
362 3079 442 3134 fhnt
472 3081 612 3120 membra
631 3084 708 3136 ejm.
771 3085 872 3140 Ergo
904 3099 946 3126 ut
965 3085 1028 3127 hae

239 3151 378 3178 omnes
403 3137 647 3180 absurditates
663 3144 876 3185 evitentur,
908 3143 1027 3184 firmi—

1743 97 1841 160 179

1294 203 1336 255 ὃ.
1353 208 1409 263 4.
1440 195 1669 266 Historia.

1085 279 1206 334 PVre
1247 287 1512 347 ConCeptae
1567 260 2026 353 repVgnant13368·

1325 360 1634 405 eMenDatIo.

1091 440 1217 543 Eo
1227 447 1404 498 pervenit
1416 440 1516 484 Petri
1528 447 1690 500 Antonij
1710 446 1759 487 de
1789 450 1878 488 Ber-

1215 501 1355 547 namus,
1368 504 1410 542 N
1413 504 1523 556 otarij
1534 532 1545 548 ‚
1571 518 1616 543 ac
1633 504 1738 545 Civis
1751 507 1878 546 Medi-

1087 555 1292 605 olanensis,
1306 559 1443 600 contra
1457 559 1684 603 sententiam
1696 564 1880 605 imacula-

1088 624 1136 654 tae
1161 617 1428 673 Conceptioni
1457 617 1680 667 faventem,
1711 626 1880 663 reniten-

1088 675 1164 719 tia,
1193 689 1235 714 ut
1251 690 1333 716 non
1349 679 1502 718 tantum
1512 677 1696 719 Officium
1709 682 1880 734 ejusdem

1087 733 1374 789 Conceptionis
1393 765 1405 781 ‚
1443 735 1617 790 quamvis
1647 737 1694 777 ab
1715 739 1881 780 Ecclesia

1090 791 1273 832 Romana
1296 793 1551 850 approbatum
1573 824 1583 840 ‚
1625 794 1774 838 summo
1814 799 1881 838 ha-

1090 847 1216 891 buerit
1236 851 1350 898 odio‚
1382 856 1516 894 verum
1534 856 1670 900 etiam,
1703 855 1753 895 ne
1776 857 1881 897 audi—

1089 921 1128 946 re
1153 909 1311 963 quidem
1331 913 1579 953 Concionem
1613 913 1661 952 de
1700 914 1766 953 tali
1796 930 1881 971 my-

1088 963 1202 1007 sterio
1242 967 1456 1010 sustinuerit
1483 999 1495 1016 ,
1527 985 1778 1026 quoscunque
1812 976 1883 1013 hu„

1087 1025 1144 1077 jus
1182 1029 1253 1082 piae
1290 1027 1486 1068 sententise
1515 1027 1707 1070 assertores
1746 1035 1882 1072 acriter

1092 1085 1401 1139 reprehenderit,
1432 1086 1619 1143 Vigiliam
1644 1089 1882 1142 jejunantes,

1093 1156 1159 1182 aut
1193 1144 1344 1184 Festum
1388 1145 1563 1186 devotius
1598 1147 1836 1188 celebrantes
1870 1173 1881 1195 ‚-

1093 1200 1276 1256 probrose
1300 1203 1448 1244 irriserit
1472 1233 1482 1249 ,
1522 1219 1567 1244 ac
1590 1207 1630 1244 in
1653 1206 1697 1246 ea
1722 1207 1882 1261 quidem

1090 1261 1279 1314 pertinaci
1303 1263 1578 1318 repugnantia,
1608 1277 1676 1319 per
1695 1278 1755 1316 14.
1776 1266 1884 1307 &ul-

1096 1316 1155 1357 tra
1182 1334 1332 1364 annos,
1368 1321 1589 1361 constanter
1628 1322 1883 1377 perleverarit.

1093 1376 1218 1430 Hujus
1258 1378 1376 1424 filius,
1418 1381 1675 1421 Eremitarum
1710 1381 1882 1437 postmo-

1093 1433 1189 1475 dum
1214 1438 1247 1476 S.
1260 1437 1460 1492 Augustini
1474 1438 1668 1478 Ordinem
1688 1439 1881 1496 ingress'us,

1093 1494 1185 1532 cum
1220 1494 1348 1535 adhuc
1379 1499 1421 1535 in
1447 1494 1582 1537 saeculo
1612 1497 1774 1538 existens
1794 1528 1805 1545 ‚
1841 1503 1882 1540 in

1093 1551 1279 1607 Epistolas
1294 1557 1329 1596 S.
1346 1556 1581 1611 Hieronymi
1596 1554 1773 1597 libellum
1790 1573 1885 1598 con-

1093 1608 1305 1667 scripsiilet‚
1337 1627 1451 1668 atque
1471 1617 1572 1654 inter
1590 1613 1683 1660 alia,
1716 1615 1884 1658 salutati-

1094 1680 1215 1710 onem
1250 1672 1448 1725 quandam
1474 1675 1643 1730 Virginis
1671 1676 1854 1731 Deiparae
1872 1705 1885 1722 ,

1092 1729 1136 1767 in
1155 1728 1234 1782 qua
1252 1730 1329 1770 sine
1349 1730 1528 1788 originali
1563 1730 1676 1788 culpa
1703 1732 1885 1775 laudaba-

1093 1795 1176 1833 tur,
1211 1788 1459 1845 apposuiffet‚
1492 1789 1567 1846 ipse
1587 1792 1726 1832 Parens
1749 1793 1884 1848 praedi-

1091 1846 1151 1884 aa
1169 1847 1287 1888 verba
1305 1848 1459 1905 propria
1484 1848 1628 1890 delevit
1649 1860 1791 1894 manu>
1823 1861 1887 1893 ea-

1091 1900 1255 1959 rquue
1278 1905 1369 1947 loco
1384 1906 1670 1948 Authoritatem
1685 1909 1884 1963 quandam

1089 1960 1276 2005 substituit
1288 1969 1320 2006 S.
1334 1966 1503 2007 Thomae
1515 1995 1525 2012 ,
1559 1973 1597 2008 ἃ
1613 1966 1728 2007 aliam
1741 1971 1775 2009 S.
1790 1971 1884 2010 Arri-

1093 2019 1227 2076 brofij,
1259 2022 1395 2078 quibus
1439 2024 1600 2081 putabat
1645 2028 1882 2068 contrarium

1090 2084 1297 2128 contineri,
1315 2082 1419 2123 duris
1436 2082 1559 2124 filium
1569 2082 1693 2124 verbis
1708 2084 1756 2125 de
1768 2084 1882 2142 scrip-

1088 2137 1173 2179 tura
1193 2139 1260 2181 illa
1279 2140 1575 2198 reprehendens.
1602 2143 1812 2184 Enimvero
1827 2158 1882 2184 ta-

1085 2195 1131 2236 lis
1145 2196 1212 2254 ipsi
1231 2199 1343 2246 vilio,
1374 2203 1490 2241 noste
1511 2200 1680 2256 quadam
1694 2206 1880 2257 apparuit:

1085 2257 1251 2299 Putabat
1272 2257 1307 2299 se
1326 2261 1515 2301 nimirum
1537 2262 1579 2299 in
1590 2259 1757 2301 Ecclesia
1784 2276 1882 2302 con-

1083 2313 1284 2362 stitutum,
1314 2321 1483 2359 orationi
1509 2332 1667 2364 vacare,
1697 2333 1743 2359 ac
1760 2318 1881 2374 ipsam

1082 2373 1214 2415 videre
1236 2377 1451 2432 Deiparam
1469 2406 1479 2422 ‚
1509 2375 1805 2433 indignabunda
1825 2378 1879 2419 fa-

1082 2435 1142 2471 cie
1156 2460 1168 2478 ,
1199 2449 1244 2474 ac
1257 2438 1381 2490 capite
1393 2435 1560 2476 omnino
1573 2433 1702 2477 averso
1713 2465 1724 2482 ,
1755 2450 1878 2490 quan-

1083 2494 1218 2546 tocyus
1244 2492 1502 2549 disparentem
1526 2509 1534 2532 :
1567 2494 1675 2549 quod
1695 2493 1795 2535 adeo
1820 2498 1878 2551 ip-

1081 2546 1164 2590 sum
1195 2550 1330 2592 afflixit
1349 2582 1360 2598 ‚
1392 2566 1433 2594 ut
1463 2553 1635 2594 dormire
1665 2552 1764 2594 ultra
1793 2568 1877 2593 non

1081 2606 1230 2655 valens,
1265 2609 1456 2652 continuo
1472 2626 1606 2652 mente
1633 2610 1839 2653 revolverit
1859 2640 1871 2658 ‚

1084 2666 1204 2721 qualis
1225 2668 1342 2710 tantae
1362 2670 1470 2711 causa
1491 2670 1772 2726 indignationis
1797 2673 1877 2710 exi-

1083 2724 1227 2778 steret.)
1249 2729 1349 2768 cum'
1372 2729 1516 2770 deinde
1558 2730 1758 2770 Concioni
1808 2727 1877 2770 ali-

1081 2784 1262 2843 ςιᾷᾶίῐόῥ,
1293 2791 1334 2828 in
1357 2786 1511 2828 laudem
1540 2801 1644 2843 purae
1662 2788 1877 2843 Concepti-
1904 2791 1910 2792 ’

1081 2847 1168 2884 onis
1198 2842 1341 2886 h'abitae
1358 2844 1570 2891 interesset,
1601 2843 1753 2885 salubris
1763 2857 1874 2886 men-

1081 2916 1161 2943 tem
1171 2901 1282 2958 subijt
1303 2907 1512 2962 cogitatio,
1543 2918 1639 2943 num
1652 2902 1751 2944 forte
1773 2904 1873 2946 dicta

1079 2961 1171 3003 vifio
1192 2961 1396 3019 eapropter
1415 2963 1482 3018 ipsi
1494 2960 1731 3018 contigiffet,
1763 2962 1871 3017 quod

1079 3034 1159 3061 tam
1179 3025 1315 3061 acriter
1343 3020 1439 3061 illud
1449 3020 1632 3061 hacknixs
1646 3020 1870 3076 mysterium

1077 3077 1316 3134 impugnarit
1338 3091 1349 3119 ?
1378 3081 1488 3119 Hinc
1509 3079 1657 3120 devotis
1684 3081 1866 3120 MARIAM

1076 3135 1249 3193 fatigavit
1261 3136 1448 3193 precibus,
1468 3140 1655 3192 quatenus
1671 3137 1696 3177 fi
1708 3153 1795 3178 vera
1814 3137 1866 3178 eil

238 3196 484 3237 tetstandum
504 3197 579 3244 est,
610 3213 681 3254 pro
704 3198 814 3254 pura,
844 3206 885 3242 ὃς
902 3200 1024 3243 illiba-
1073 3192 1126 3235 set
1145 3194 1253 3250 ipfius
1282 3194 1531 3238 immaculata
1546 3198 1790 3252 Conceptio,
1827 3200 1867 3236 in

237 3253 274 3293 ra
307 3257 485 3311 Deiparae
505 3258 791 3312 Conceptione.

1144 3255 1226 3294 Ζ).

1749 3268 1843 3293 con-
