2159 3508
129 382 266 440 444.

118 2454 250 2511 445.

329 115 410 170 218

518 230 556 282 ς.
583 232 622 290 3.
653 221 833 281 Ratio.

296 340 420 387 DVo
438 329 652 398 perfecte
676 335 950 387 ContrarIa,
979 349 1079 380 non

509 408 700 451 Manent
724 407 881 450 VnIta.

392 488 578 530 Eatiffima
592 491 712 543 Virgo
732 490 773 526 in
783 490 909 543 primo
921 486 1079 528 instanti*

295 495 389 594 B
420 546 490 588 suae
509 546 790 602 productionis,
821 545 881 585 seu
896 548 1079 602 Concep-

296 608 433 651 tionis,
463 605 534 645 fuit
554 607 804 645 Dominatrix
830 604 1076 651 daemonum,

293 662 343 703 fic
363 666 469 704 enim
489 662 710 718 praedictum
731 662 878 703 videtur
899 662 1076 709 Christo,

292 735 360 785 per
383 721 580 762 Davidem
598 719 685 760 Psal.
705 736 719 759 1
738 735 808 771 09.
831 735 866 761 v.
881 738 912 765 2
933 722 987 759 V
975 737 1077 777 zrgam

292 779 430 820 ὙὶΥἶΜῖΙᾹ
453 793 514 819 luae
527 792 646 818 emznet
657 779 816 817 Dominus*
838 794 879 816 ex
897 778 1077 824 81072,ἆο-

290 852 415 877 mlnare
442 853 476 876 ln
491 835 619 876 medio
606 836 801 876 inimicorum
815 850 948 876 tuorum.
975 839 1077 892 Ergo

290 894 503 935 Beatiffima
541 897 661 951 Virgo
707 909 788 935 non
823 897 949 949 potuit
984 908 1077 935 tunc

289 951 517 993 contraxisse
539 966 739 1009 peccatum
752 952 949 1007 originale.
963 953 1076 993 Prob.

289 1011 457 1066 Conseq.
490 1010 668 1067 Implicat
687 1009 875 1055 absolute,
907 1024 947 1050 ut
969 1010 1079 1050 fimul

287 1072 371 1123 quis
382 1069 425 1110 sit
442 1068 606 1126 respectu
625 1069 793 1122 ejusdem
806 1070 1015 1112 Dominus,
1039 1074 1080 1111 &

288 1126 420 1169 servus.
480 1130 618 1182 Atqui,
648 1128 751 1180 juxta
772 1129 934 1166 citatum
956 1130 1079 1183 Scrip-

287 1198 381 1226 turae
401 1185 533 1226 locum
553 1214 564 1230 ,
611 1183 823 1224 Beatiffima
850 1188 971 1240 Virgo
1000 1199 1080 1226 erat

286 1245 365 1298 jam
392 1257 475 1284 tum
507 1245 685 1284 Domina
720 1242 907 1283 daemonis
925 1272 936 1288 ,
966 1249 1007 1286 ὃς
1035 1243 1079 1284 fi-

285 1301 368 1342 111111
392 1302 499 1342 fieret
518 1299 619 1342 serva
658 1302 756 1355 ejus,
784 1315 851 1356 per
877 1315 1079 1356 peccatum

287 1358 494 1415 originale,
523 1374 564 1400 ut
574 1372 691 1415 patet.
749 1358 870 1415 Ergo,
899 1360 1079 1401 ct1mh0c

285 1418 470 1459 verificari
517 1430 711 1483 nequeat,
740 1420 856 1457 etiam
895 1417 1079 1459 verificari

285 1491 371 1517 non
403 1479 564 1541 poterit,
594 1474 701 1529 quod
718 1474 930 1514 Beatiffima
956 1479 1078 1532 Virgo

287 1536 524 1574 contraxerit
536 1546 737 1589 peccatum
759 1531 955 1588 originale.
983 1535 1076 1588 Maj.

286 1591 403 1638 Prob
461 1593 555 1632 Duo
596 1590 760 1646 perfeere
781 1619 792 1636 ‚
817 1568 871 1633 0&
896 1591 1079 1646 privative

286 1653 478 1690 contraria
502 1662 699 1703 nequeunt
722 1648 829 1688 fimul
852 1647 923 1688 esse
950 1654 1078 1695 unita,

284 1707 346 1748 seu
363 1706 554 1761 subjestari
589 1710 630 1746 in
667 1706 809 1746 eodem
836 1711 847 1756 (
874 1720 1038 1748 numero
1065 1713 1077 1758 )

281 1765 451 1820 subjecto
482 1783 491 1811 3
519 1768 572 1805 ita
606 1763 808 1820 implicat,
844 1764 1041 1806 evidenter
1061 1795 1073 1812 ,

282 1827 326 1866 in
343 1824 508 1873 eodem(
538 1827 726 1872 numero)
757 1822 938 1869 homine,
970 1838 1075 1865 mors

281 1887 325 1925 &
364 1885 442 1924 vita
464 1897 473 1921 ε
501 1884 620 1938 gratia
662 1886 702 1923 &
740 1894 963 1936 peccatum,
1000 1888 1074 1924 &c.

280 1943 374 1995 quia
398 1955 539 1996 nempe
574 1939 656 1980 sunt
679 1938 860 1994 privative
889 1940 1075 1995 opposita

281 2001 402 2053 Atqui
412 1999 644 2044 dominium,
657 2003 697 2039 3<
710 1996 861 2039 servitus
871 1997 982 2038 fimili
993 2013 1080 2040 mo—

281 2057 337 2097 do
353 2056 437 2097 sunt
458 2055 643 2113 privative
665 2056 847 2112 opposita.
886 2058 987 2112 Ergo
1010 2072 1079 2098 ne-

283 2128 433 2170 queunt
457 2114 566 2157 simul
584 2129 740 2157 manere
753 2140 766 2159 ,
794 2118 835 2155 in
848 2117 937 2157 MA
950 2116 1015 2158 RI
1029 2119 1075 2163 A,

282 2187 400 2216 unita.

487 2281 525 2329 §.
547 2284 600 2340 4.
643 2270 872 2342 IIzstoria.

291 2389 544 2440 CanDeLae
582 2384 815 2435 ACCensae
880 2382 1074 2434 Conser-

344 2459 516 2512 VatIo,
549 2453 574 2502 a
596 2452 819 2518 Delpara,
855 2453 1033 2519 absqu

473 2523 593 2572 Labe
616 2521 882 2588 ConCepta.

411 2606 602 2650 Iraculofis
621 2605 734 2661 plane
743 2606 940 2648 eventibus
959 2620 1079 2648 annu-

437 2665 622 2707 meranda
660 2664 714 2704 est
739 2694 750 2711 ‚
794 2678 975 2721 perpetua
1013 2663 1079 2705 illa

290 2724 463 2768 candelae
480 2753 490 2771 ,
521 2722 544 2764 a
573 2728 725 2776 Joanne
752 2721 998 2763 Anachoreta
1017 2737 1080 2762 ac-

290 2783 410 2826 censa:
443 2781 702 2825 conservatio,
732 2783 822 2820 curn
846 2784 953 2821 enim
979 2780 1079 2820 6616-

292 2843 477 2883 berrimus
495 2841 559 2880 hic
586 2838 814 2885 eremicola,
844 2841 884 2878 in
914 2838 1080 2894 partibus

292 2901 489 2954 cujusdam
500 2897 624 2948 villae(
656 2897 801 2939 Sochus
824 2902 1079 2952 nuncupatae)

293 2974 351 2997 20.
363 2957 439 2998 fere
466 2955 689 2997 milliaribus
714 2955 762 2996 ab
774 2953 1044 3010 Hierosolyma
1068 2983 1080 3000 ,

294 3018 336 3054 in
355 3016 521 3068 quadam
539 3014 697 3071 degeret
731 3012 931 3069 spelunca,
961 3012 1080 3054 devo-

290 3071 332 3113 te
350 3070 555 3114 asservabat
567 3071 804 3113 affeauoiam
815 3073 982 3127 Virginis
1006 3073 1081 3111 im

290 3128 490 3176 maculatae
519 3133 756 3190 Imaginem,
787 3129 983 3174 Christum
1019 3131 1079 3171 Fi-

683 105 775 165 De
798 102 1082 181 Concepta
1102 96 1256 155 Sacra
1277 92 1515 173 Deiparfi

1131 186 1225 226 lium
1258 186 1327 227 suis
1359 189 1399 226 in
1434 186 1533 227 ulnis
1574 186 1799 243 gestantem.
1829 186 1921 227 hinc

1131 245 1432 299 quoriescunilue
1447 249 1792 300 peregrinationem
1803 274 1813 290 ,
1845 259 1916 300 pro

1129 316 1238 342 more
1249 331 1259 348 ,
1271 301 1497 357 suscepturus
1509 315 1588 342 erat
1602 332 1612 348 ,
1641 317 1721 342 tum
1732 303 1781 342 ad
1795 305 1914 342 Mon-

1131 373 1209 400 tem
1223 363 1343 405 Sinai,
1375 374 1458 400 tum
1483 375 1551 415 per
1578 360 1721 402 vastam
1748 358 1916 400 solitudi-

1131 421 1245 464 nem,
1277 418 1326 458 ad
1352 418 1534 458 visitanda
1558 421 1781 459 Samiorum
1809 420 1915 458 Mar-

1128 489 1255 531 tyrum
1287 475 1511 531 sepulchra,
1551 475 1686 531 quibus
1710 474 1915 531 specialiffi

1128 533 1191 573 me
1206 534 1386 579 devotus,
1426 532 1548 574 modo
1574 532 1761 604 Ephesum
1784 546 1916 588 perge-

1128 591 1193 631 bat
1232 592 1293 631 ad
1312 595 1344 633 S.
1356 597 1570 643 Joannem,
1603 590 1724 632 modo
1755 590 1918 630 Euchai-

1127 663 1207 690 tam
1230 650 1279 690 ad
1304 654 1339 691 S.
1356 650 1638 690 Theodorum:
1674 664 1778 689 nunc
1807 647 1856 688 ad
1876 651 1910 688 S.

1126 707 1338 753 Theclam,
1356 711 1395 747 in
1410 706 1608 748 seleuciam
1621 706 1780 751 Ilaui·iae,
1811 721 1917 745 nune

1127 765 1174 804 ad
1211 768 1244 806 S.
1275 769 1470 821 Sergium,
1512 770 1551 805 in
1588 769 1653 807 Sar
1655 765 1739 820 iph
1733 780 1788 805 13
1831 778 1916 804 tum

1127 823 1294 878 denique
1314 822 1650 879 Hierosolymam,
1680 823 1728 863 ad
1756 820 1917 862 adoran-

1126 880 1218 920 dam
1260 881 1406 921 ibidem
1453 882 1723 923 SanCtiffirnam
1774 879 1918 921 Christi

1127 940 1295 980 Crucem
1307 967 1319 985 ‚
1348 945 1389 981 &
1401 938 1472 979 alia
1487 943 1596 981 Sacra
1607 940 1693 979 loca
1707 936 1920 982 subeunda,

1127 996 1337 1037 accendere
1352 999 1505 1037 interim
1530 997 1732 1037 candelam
1755 994 1917 1041 solebat,

1127 1053 1336 1110 specialiter
1347 1058 1466 1096 Sacrae
1481 1054 1579 1095 illius
1597 1058 1777 1111 imaginis
1790 1055 1918 1095 hono-

1127 1115 1159 1151 ri
1186 1112 1426 1153 destinatam.
1494 1115 1599 1154 Ciam
1632 1112 1723 1168 ergo
1740 1111 1801 1152 die
1826 1126 1920 1166 qua-

1127 1170 1231 1214 dam,
1245 1186 1376 1211 coram
1387 1170 1485 1211 dida
1496 1173 1663 1226 Virginis
1677 1169 1831 1210 illibata:
1840 1169 1921 1210 effi-

1127 1231 1211 1284 gie,
1239 1232 1282 1268 in
1315 1244 1443 1284 preces
1466 1226 1595 1269 effusus
1618 1228 1843 1283 persisteret,
1876 1231 1920 1268 in

1129 1290 1212 1326 haec
1249 1287 1458 1328 devotione
1501 1284 1708 1342 plenissima
1746 1289 1920 1342 prorupit

1129 1344 1244 1385 verba
1260 1359 1269 1383 :
1297 1348 1432 1386 Sansta
1446 1347 1591 1385 Mam
1605 1374 1615 1390 ‚
1646 1347 1726 1385 Dm
1742 1346 1924 1385 Genitrix

1127 1401 1272 1458 semper
1300 1401 1568 1444 immaculata!
1603 1402 1920 1457 quandoquidem

1130 1459 1299 1515 longiori
1323 1476 1386 1500 me
1410 1463 1536 1500 itineri
1573 1460 1745 1515 proxime
1780 1461 1922 1500 comit-

1129 1530 1206 1558 tere
1221 1518 1352 1564 statui,
1378 1517 1509 1558 diebus
1533 1517 1699 1573 pluribus
1721 1518 1919 1573 perficien-

1128 1575 1200 1616 do·
1194 1604 1203 1622 ‚
1237 1575 1427 1618 Obsecro!
1443 1590 1516 1616 tuae
1532 1578 1593 1615 Tu
1606 1574 1775 1616 candela:
1787 1591 1919 1615 curam

1129 1632 1293 1680 habeas,
1324 1648 1510 1699 eamque,
1536 1647 1577 1674 ut
1599 1635 1735 1690 jugiter
1757 1633 1886 1675 ardeat
1904 1662 1920 1680 ,

1128 1705 1171 1731 ac
1184 1706 1382 1745 nunquam
1395 1689 1538 1731 interea
1549 1694 1801 1747 extinguatur,
1823 1706 1919 1731 con-

1127 1748 1248 1791 fierva
1241 1753 1248 1777 ¹
1280 1762 1322 1790 ut
1333 1752 1461 1789 omnis
1477 1748 1617 1789 exinde
1628 1748 1788 1805 populus
1804 1748 1920 1790 intel·

1125 1806 1231 1863 ligat,
1250 1810 1292 1847 in
1300 1809 1361 1848 Te
1376 1822 1529 1862 quoque
1541 1810 1668 1863 gratiae
1681 1807 1810 1848 lumen
1820 1823 1920 1848 con-

1125 1863 1266 1906 stanter
1286 1864 1435 1907 aDEO
1449 1865 1636 1907 servatum
1651 1895 1662 1912 ‚
1698 1865 1806 1907 nullo
1829 1864 1916 1908 fuis-

1123 1923 1159 1963 se
1176 1937 1382 1964 momento
1408 1925 1645 1964 extinctum·
1638 1952 1647 1970 ,
1693 1925 1783 1964 Hae
1806 1928 1916 1965 enim

1128 1980 1189 2037 spe
1209 1981 1323 2023 fretus
1336 2011 1348 2028 ,
1379 1997 1425 2022 ac
1442 1985 1482 2022 in
1510 1984 1641 2023 Tuum
1669 1982 1828 2022 confisus
1846 1983 1914 2023 ad-

1125 2041 1330 2105 jutorium,
1362 2040 1595 2095 propositum
1617 2043 1686 2080 iter
1701 2039 1915 2081 consolatus

1126 2101 1276 2153 arripio.
1336 2100 1480 2139 Dixit:
1512 2104 1553 2140 &
1589 2098 1748 2139 accensa
1783 2113 1915 2140 coram

1123 2157 1299 2212 Imagine
1327 2155 1488 2197 candela
1507 2185 1518 2202 ,
1560 2157 1680 2196 arduo
1717 2155 1752 2196 se
1785 2159 1912 2197 itineri

1123 2214 1325 2254 commisit.
1385 2217 1530 2255 Mirum
1544 2213 1665 2254 chau!
1697 2213 1781 2269 post
1805 2230 1915 2255 men-

1124 2271 1173 2313 sis
1185 2276 1293 2314 unius
1314 2271 1473 2328 spatium
1490 2301 1502 2318 ,
1529 2272 1578 2313 ad
1597 2287 1769 2312 eremum
1794 2288 1917 2314 rever-

1125 2330 1180 2371 sus
1193 2360 1203 2376 ,
1236 2333 1289 2371 ita
1301 2329 1503 2371 candelam
1516 2330 1617 2370 hanc
1640 2331 1840 2371 ardentem
1858 2347 1916 2371 re-

1125 2388 1314 2445 periebat,
1331 2403 1374 2439 ac
1391 2386 1665 2433 conservatam,
1677 2403 1791 2444 prout
1807 2388 1917 2432 illam.

1126 2460 1215 2488 ante
1234 2445 1430 2487 discessum
1450 2447 1694 2487 accenderat:
1724 2446 1804 2487 imo
1827 2454 1918 2488 cum

1126 2505 1376 2562 postmodum
1396 2520 1462 2561 per
1480 2504 1598 2551 duos,
1622 2504 1683 2546 vel
1708 2519 1802 2551 tres,
1833 2506 1916 2545 imo

1126 2578 1193 2619 per
1204 2567 1373 2618 quinque
1384 2592 1395 2609 ,
1414 2576 1477 2603 aut
1491 2562 1551 2603 sex
1563 2563 1794 2618 quandoque
1807 2578 1918 2603 men-

1126 2620 1197 2667 ses,
1225 2621 1323 2662 cella
1350 2620 1411 2661 sua
1425 2619 1545 2661 exesse
1563 2624 1805 2677 contingeret
1822 2651 1831 2667 ,
1854 2621 1918 2663 vel

1126 2683 1243 2720 etiam
1269 2679 1295 2719 [1
1314 2680 1449 2725 6101111,
1480 2694 1547 2734 Ρ61·
1568 2693 1716 2734 tempus
1741 2678 1914 2735 aliquod,

1127 2736 1316 2778 subsistere
1345 2737 1522 2807 placeret
1547 2765 1557 2782 ,
1587 2751 1786 2804 nunquam
1816 2738 1920 2778 hane

1128 2791 1353 2836 candelam
1342 2810 1363 2834 a
1375 2793 1490 2850 stipsa
1502 2795 1597 2836 vidit
1611 2799 1803 2852 extingui,
1833 2800 1921 2839 Vir-

1130 2856 1218 2910 gine
1234 2852 1405 2909 Deipara
1430 2852 1586 2893 evidens
1621 2856 1820 2895 1116111116ὶί
1838 2869 1920 2911 gra-

1130 2914 1192 2952 tiae
1235 2910 1306 2952 sua:
1341 2910 1495 2952 luminis
1532 2890 1862 2958 testimonium,t>
1855 2928 1896 2968 p:
1881 2926 1920 2952 :r

1129 2970 1231 3010 hanc
1257 2968 1328 3010 suae
1343 2971 1506 3025 Imagini
1522 2969 1689 3010 dicatam
1711 2969 1919 3011 candelam

1127 3027 1354 3069 miraculose
1365 3027 1662 3068 demonstrante.
1725 3027 1858 3085 Sophron
1854 3028 1916 3066 ,irus

1230 3087 1446 3144 Pratispirit.
1467 3102 1491 3126 c.
1506 3095 1557 3126 A‘o.
1586 3086 1635 3125 cit.
1649 3086 1683 3124 in
1703 3084 1803 3130 concil

1401 3145 1522 3188 Nicen.
1544 3144 1621 3186 A&
1632 3160 1664 3190 s·
1805 3205 1825 3248 ς

1831 3233 1834 3238 -
1863 3214 1897 3252 5⁵,
