2159 3508
77 322 159 363 Apud

76 364 219 403 Scherlog.

76 410 164 437 Tom·
179 417 203 435 τ..

75 450 103 478 in
113 452 196 478 Cant·

75 490 127 523 fol.
138 499 174 527 43
180 499 207 525 7.

792 83 1113 171 Conceptus
1167 86 1358 153 LXIX.

240 189 367 222 morte
381 183 514 223 Crucis
539 180 751 238 profusum,
781 182 1028 225 universalem

241 243 388 294 generis
402 240 562 281 humani
585 242 893 296 redemptionem
911 240 1029 282 subse-

241 311 372 338 cutam
386 297 499 339 fuisse.
568 298 724 353 Qodfi
738 300 842 352 juxta
868 300 1029 340 &Isido-

244 369 328 395 rum
341 386 351 403 ,
383 361 487 397 Gutta
503 357 637 410 myrrbae
649 356 762 413 sponte
776 373 914 396 manans
925 358 1029 413 preti-

243 412 385 470 ostorest:
418 414 522 454 elicita
551 415 663 454 cortice
700 414 834 456 ‘vulnere
859 415 958 455 vilior
973 417 1030 469 ju-

241 471 368 513 dicatur
385 488 398 519 5
428 472 478 513 fic
497 477 537 514 &
563 486 637 528 ego
655 471 840 512 affirmare
863 485 945 512 non
959 472 1030 513 du·-

241 529 327 571 bito
358 560 369 577 ‚
401 529 626 587 singularem
654 529 755 570 hanc
782 532 938 570 MARrAE
971 545 1028 570 re-

239 587 511 645 demptionem
530 615 541 632 ,
567 586 616 627 ab
637 586 816 643 originali
830 586 915 627 labe
936 602 1030 643 prae-

239 645 460 688 servativam
477 651 558 700 (per
567 643 700 700 sponte
717 659 1027 701 promanantem,

238 707 281 744 in
322 704 436 745 horto
460 702 709 744 Gethsemani
728 730 738 748 ,
767 702 828 743 seu
846 703 1026 749 Oliveto,

239 761 415 803 sudorem
438 759 580 802 Christi
610 759 881 816 sanguineum)
915 760 1026 802 tanto

239 819 343 861 fuisse
375 818 607 860 nobiliorem
629 848 638 864 ‚
674 833 718 859 ac
764 819 1027 875 pretiosiorem

238 877 325 923 illa,
351 877 426 933 quii
447 891 514 933 per
525 875 735 932 expressum
756 892 805 917 ex
830 878 1027 918 Sacratiffi-

236 940 310 977 mis
338 938 507 989 quinque
527 933 758 977 Vulnenbus
783 935 925 976 Christi
945 935 1027 976 san-

233 997 392 1052 guinem
406 1022 415 1039 ,
450 996 491 1033 in
502 1006 638 1033 monte
653 992 859 1039 Calvariae‚
892 993 1026 1049 reliqui

236 1066 375 1092 omnes
395 1050 534 1091 fuimus
545 1051 734 1107 redempti
748 1080 758 1096 ,
790 1050 938 1105 quanto
953 1067 1025 1093 no-

236 1109 352 1150 bilior
362 1108 433 1150 fuit
443 1112 622 1165 Virginis,
632 1123 678 1149 ex
700 1107 865 1150 millibus
884 1114 923 1150 in
933 1112 1024 1151 DEI

235 1170 481 1210 Genitricem
499 1168 647 1212 electae,
684 1166 847 1222 respectu
860 1167 1024 1210 aliorum

237 1229 416 1266 omnium
445 1251 456 1265 ‚
483 1225 649 1282 dignitas
670 1253 682 1272 ‚
716 1229 830 1267 virtus
854 1255 865 1272 ,
895 1233 935 1269 &
962 1241 1025 1268 ex-

234 1283 413 1325 cellentia
425 1290 498 1325 &e

355 1400 549 1441 Caeterum
558 1426 568 1444 ,
600 1401 690 1438 cum
702 1397 750 1437 de
762 1394 939 1453 singulari
950 1395 1022 1437 hac

234 1459 413 1513 Deiparae
433 1456 720 1513 redimendae'in
735 1455 891 1496 hortum
908 1469 1023 1495 voca-

233 1518 343 1555 tione
358 1545 368 1561 ,
402 1514 619 1555 sermonem
632 1511 821 1568 hucusque
836 1511 1022 1568 prosecuti

232 1573 345 1613 fimus
357 1602 368 1619 ‚
384 1578 499 1613 etiam
514 1572 708 1613 Adamum
718 1574 759 1611 in
775 1571 893 1611 horto
912 1572 1023 1611 Para:

232 1631 301 1671 disi
325 1631 538 1672 aDomiiio
565 1633 745 1675 citatum,
777 1631 817 1669 in
850 1628 1024 1669 medium

232 1689 510 1746 producamus3
547 1688 695 1730 videtur
712 1689 837 1732 enim,
868 1686 1023 1727 Adamo

232 1762 410 1801 quoque,
449 1747 544 1787 dum
570 1758 784 1802 perpetrato
811 1744 970 1791 scelere,
1001 1743 1024 1785 a

233 1807 415 1848 Domino
443 1820 508 1861 per
532 1803 635 1845 horti
653 1803 872 1844 Paradifiaci
901 1801 1024 1843 medi-

234 1877 302 1905 um
329 1862 623 1906 deambulante,
653 1861 701 1903 ad
719 1860 884 1902 tribunal
908 1876 1023 1903 voca-

231 1936 335 1964 retur
346 1950 356 1967 ,
388 1924 467 1976 jam
481 1935 564 1962 tum
587 1920 609 1961 a
620 1919 795 1977 singulari
813 1921 860 1960 M
875 1935 900 1959 A
917 1933 942 1960 R
956 1934 970 1959 1
985 1934 1021 1960 ιε

234 1980 503 2036 redemptione
538 1983 579 2019 in
616 1980 730 2019 horto
749 2004 761 2021 ‚
802 1977 1016 2018 remedium

233 2038 435 2092 quoddam
449 2037 591 2078 salubre
603 2062 613 2082 ⁵
644 2052 687 2077 ac
701 2036 765 2076 suo
780 2036 903 2077 modo
922 2051 1016 2092 prae-

233 2095 458 2137 servativum
474 2094 660 2151 obtigilse.
719 2097 846 2148 Atque
865 2094 891 2134 si
906 2108 1016 2135 teno-

234 2169 316 2195 rem
338 2157 571 2195 evocationis
582 2152 806 2197 scrutemur,
836 2151 928 2193 alius
939 2168 1020 2193 cer-

233 2212 274 2253 te
294 2227 376 2252 non
404 2226 484 2253 erat
498 2241 509 2258 ,
538 2226 654 2266 quam
677 2225 750 2251 tres
781 2209 854 2250 illae
873 2210 1020 2252 voculae

234 2269 347 2311 Adam
362 2270 416 2310 ubi
430 2271 496 2309 es?
524 2276 564 2312 &
577 2272 660 2324 quis
672 2283 753 2309 non
765 2268 890 2314 videt,
912 2284 1021 2310 com-

234 2329 421 2386 prehendi
442 2329 519 2383 jam
546 2331 585 2367 in
619 2326 693 2368 istis
721 2326 873 2367 felicem
911 2326 1019 2368 illam

232 2402 372 2428 vocem
384 2416 395 2433 ,
427 2402 469 2427 ac
483 2386 614 2427 efficax
626 2388 773 2441 peccati
791 2386 1017 2433 remedium,

232 2448 333 2491 Ave,
363 2444 411 2485 ab
435 2444 586 2500 Angelo
598 2447 753 2484 MARIAE
772 2442 922 2484 coelitiis
950 2445 1018 2484 de-

232 2517 453 2559 portatum?
484 2504 670 2558 decerptis
694 2505 798 2542 enim
815 2505 1017 2558 primiscu-

230 2560 441 2617 juscunc'lue
460 2560 636 2602 vocabuli
662 2559 815 2605 litteris,
845 2574 1017 2616 emerget

231 2636 282 2661 ex
307 2619 418 2660 Adam
448 2622 482 2660 A
517 2637 525 2659 ε
558 2634 605 2659 ex
630 2618 776 2661 leiV:
808 2633 856 2658 ex
883 2620 934 2657 Es
973 2620 1014 2658 E.

232 2677 357 2733 sicque
382 2677 516 2718 nostris
544 2675 867 2732 repraesentabitur
895 2675 1016 2717 oculis

232 2739 357 2781 AVE,
388 2736 460 2778 five
491 2735 645 2776 initialis
670 2734 736 2775 illa
774 2734 1017 2775 Salutationis

231 2794 500 2847 jucundiffimae
513 2823 523 2840 ,
547 2793 794 2834 saluberrimae
808 2821 819 2839 ‚
849 2808 893 2834 ac
905 2792 1014 2834 saecu-

234 2851 278 2891 lis
303 2851 480 2891 omnibus
500 2851 772 2907 religiofiffimae
784 2851 929 2892 vocula.
956 2853 1012 2891 Ex

233 2924 312 2963 quo
337 2908 403 2955 fit,
433 2907 541 2948 illum
576 2910 695 2964 ipsum
724 2911 911 2949 DEUM
940 2924 1014 2949 no-

236 2967 374 3013 strum,
410 2968 560 3008 Patrem
576 2966 942 3010 misericordiarum,
973 2972 1014 3008 ὃ(

1728 108 1823 166 235

1078 187 1161 226 DE
1179 191 1214 227 U
1230 188 1277 226 M
1304 188 1419 227 totius
1462 184 1734 243 consolationis
1754 213 1764 229 ‚
1798 192 1863 242 qui

1078 246 1126 284 M
1137 260 1162 283 A
1174 258 1200 284 R
1211 259 1224 283 1
1238 259 1262 284 A
1279 259 1310 284 M
1332 242 1623 285 misericorditer
1642 244 1690 285 ad
1706 245 1863 285 hortum

1078 305 1232 342 vocavit
1266 329 1276 347 ‚
1306 304 1384 356 jam
1410 302 1559 357 pridem
1588 306 1706 343 etiam
1730 317 1863 359 proto*

1078 359 1480 414 parentemnostrum2
1510 364 1549 399 in
1563 366 1709 401 crimen
1736 361 1862 403 infeli-

1077 419 1173 457 citer
1190 416 1405 473 prolapsum
1422 447 1433 464 ,
1460 418 1508 458 ad
1533 420 1837 475 comparendum
1850 449 1861 466 ,

1077 473 1301 530 causamque
1329 474 1431 516 suam
1470 479 1511 515 in
1538 476 1626 515 horto
1657 477 1864 518 dicendam

1077 531 1300 573 accersiviffe
1314 550 1322 572 ε
1357 534 1405 574 ad
1420 533 1515 574 illud
1527 547 1656 575 autem
1668 534 1773 575 nulla
1789 535 1863 576 alia

1077 589 1336 636 usumforma,
1364 591 1481 645 qu‘am
1509 591 1616 633 brevi
1641 590 1705 633 illa
1717 593 1862 649 trilogi-

1075 646 1120 687 cai
1141 665 1148 686 :
1181 647 1292 687 Adam
1311 648 1375 688 Vbi
1389 652 1440 689 Es
1453 650 1477 688 ,Ρ
1505 649 1630 705 sicque
1653 649 1675 691 ὲ
1688 650 1804 707 longe
1816 651 1862 691 il-

1076 704 1103 745 li
1124 707 1227 748 AVE
1247 705 1396 746 dixisse:
1430 720 1471 747 ut
1489 706 1549 748 vel
1571 708 1661 748 inde
1682 709 1863 750 instanta-

1075 777 1168 804 neus
1188 767 1474 819 provocationis
1502 769 1602 822 rigor
1626 794 1637 812 ‚
1666 781 1733 822 per
1777 766 1864 808 lon-

1075 825 1259 878 ginquam
1285 822 1376 863 licet
1408 827 1599 879 Virginea:
1631 823 1864 865 salutationis

1074 879 1362 935 praesensionem
1387 892 1708 937 attemperaretur,
1767 888 1863 925 Ver-

1075 937 1150 978 bo:
1183 937 1367 978 insinuare
1394 940 1473 993 jam
1516 943 1600 980 turn
1621 941 1774 981 Adamo
1796 956 1864 981 vo-

1074 994 1177 1036 lebat
1198 998 1356 1042 nlius,
1387 997 1549 1037 minime
1588 998 1864 1054 desperandum

1074 1053 1146 1094 esse
1179 1069 1320 1095 vocato
1358 1055 1405 1095 ad
1426 1059 1615 1096 rationem
1634 1056 1761 1096 delicli
1783 1057 1866 1097 red-

1074 1111 1263 1155 dendam,
1294 1112 1451 1167 quando
1486 1118 1669 1169 gratiam,
1701 1114 1776 1168 qua
1806 1119 1864 1154 in—

1071 1169 1294 1210 obedientia
1314 1170 1373 1210 fixa
1390 1197 1400 1213 ‚
1430 1173 1570 1214 Sele&
1598 1171 1766 1227 posteros
1781 1172 1865 1228 spo-

1074 1227 1202 1274 liavit,
1234 1243 1300 1284 per
1311 1232 1477 1284 Virginis
1490 1233 1530 1269 in
1547 1229 1704 1270 hortum
1720 1244 1863 1271 vocan-

1074 1285 1153 1332 dae,
1186 1286 1428 1329 immaculate
1444 1289 1731 1343 concipiendae>
1759 1288 1861 1344 post-

1073 1344 1238 1384 modum
1258 1343 1306 1383 ab
1324 1344 1476 1400 Angelo
1497 1345 1698 1386 salutandae
1714 1375 1723 1391 ‚
1752 1352 1792 1388 δε
1813 1346 1864 1387 ad

1070 1402 1179 1457 ipfius
1201 1404 1243 1442 D
1259 1404 1288 1441 E
1302 1404 1317 1441 Ι
1333 1402 1654 1444 humanationem
1676 1404 1864 1459 eligendae

1071 1459 1400 1505 interceffionem‚
1433 1474 1712 1515 recuperaturus
1728 1490 1736 1506 ‚
1768 1464 1863 1516 ejus-

1072 1531 1146 1571 que
1187 1520 1405 1572 patrocinio
1440 1517 1650 1572 aliquando
1686 1519 1860 1560 fruiturus

1071 1573 1174 1616 esser-
1234 1576 1358 1629 Hujus
1389 1578 1556 1632 Virginis
1601 1581 1861 1632 patrocinium

1071 1639 1113 1676 ὅ(
1125 1648 1196 1674 nos
1212 1632 1461 1689 imploremus
1483 1648 1549 1691 per
1558 1633 1733 1689 frequens
1747 1638 1861 1682 AVE,

1072 1690 1148 1733 uta
1167 1690 1328 1733 Coelesti
1342 1691 1477 1748 sponso
1493 1721 1503 1738 ‚
1534 1696 1672 1749 pariter
1683 1708 1772 1733 cum
1784 1693 1861 1740 illa,

1072 1753 1202 1791 vocari
1222 1748 1433 1804 aliquando
1469 1765 1685 1792 mereamur
1707 1751 1756 1792 ad
1788 1752 1861 1792 hor-

1071 1821 1140 1848 tum
1168 1807 1314 1863 semper
1339 1806 1522 1850 floridum
1543 1839 1555 1856 ,
1582 1823 1772 1866 perpetuae
1802 1811 1858 1864 ju-

1071 1865 1286 1908 cunditatis⁴

1242 1964 1278 2015 §.
1300 1968 1351 2011 2.
1396 1951 1692 2008 Authoritas.

1067 2079 1105 2116 Β.
1120 2072 1154 2119 L
1168 2075 1211 2121 V
1225 2073 1446 2119 DoVIC
1462 2072 1532 2119 Vs
1570 2072 1855 2126 BertraMVs,

1138 2144 1354 2204 VIrgInIs
1384 2145 1512 2201 erae
1526 2173 1540 2193 ‚
1578 2146 1647 2188 eX
1671 2145 1786 2189 totIs

1227 2209 1434 2259 VIrIsz
1491 2216 1699 2275 propVg-

1386 2291 1534 2327 nator.

1066 2370 1106 2408 In
1122 2360 1180 2405 hac
1194 2363 1341 2418 infufione
1354 2364 1468 2403 animae
1481 2392 1491 2409 ‚
1521 2363 1647 2420 quando
1669 2364 1778 2404 anima
1790 2382 1856 2406 cor=

1146 2423 1235 2478 portis
1248 2423 1352 2478 primii
1388 2420 1471 2476 adijt
1483 2422 1685 2478 poffifflonem
1698 2452 1708 2467 ‚
1742 2424 1857 2464 nullim‘

1145 2481 1268 2535 peccati
1287 2480 1552 2536 originalissbrde
1571 2480 1852 2536 conspurcataficit.

1150 2536 1225 2576 Idea
1231 2539 1306 2593 jure
1331 2539 1444 2594 optimo
1469 2542 1508 2577 de
1531 2540 1712 2594 Beatzffimae
1733 2541 1772 2577 V
1775 2540 1854 2595 irgi-

1151 2596 1201 2635 sz
1254 2597 1450 2652 Conceptione
1487 2595 1609 2650 Festum
1648 2595 1851 2637 celebramm.

1154 2679 1169 2686 -
1227 2678 1244 2685 -
1302 2679 1319 2688 -
1375 2654 1535 2700 Primum,
1563 2653 1786 2696 &maximum
1797 2654 1851 2694 be-

1151 2711 1293 2765 neficium
1303 2712 1391 2767 ficit,
1419 2727 1478 2768 quo
1500 2712 1533 2751 in
1533 2711 1598 2765 ficei
1611 2712 1800 2767 conceptione
1809 2708 1852 2752 ab

1152 2767 1300 2827 originali
1318 2769 1391 2809 labe
1405 2769 1601 2825 praeſsr'vata
1618 2768 1698 2823 suit.
1732 2772 1852 2812 Serm›

1150 2827 1199 2868 de
1217 2827 1339 2884 puriss.
1368 2829 1470 2882 Virg.
1502 2825 1634 2866 habito
1665 2825 1851 2869 Valentiae

1149 2892 1225 2928 δίε.
1241 2885 1341 2941 apud
1352 2887 1393 2925 N
1397 2884 1670 2939 ierenbergium
1684 2913 1693 2929 ‚
1723 2887 1763 2925 in
1778 2887 1853 2927 Ex-

1148 2958 1246 2999 cept.
1263 2942 1415 2986 Concil.
1433 2941 1540 2983 Trid.
1551 2940 1614 2981 fol.
1630 2959 1648 2981 2
1662 2957 1685 2981 o
1696 2955 1725 2992 3.

841 3052 1188 3145 ‘wentanae

1048 3201 1136 3260 Gg
1171 3212 1199 3244 2.
1725 3193 1818 3260 §.3.

1876 2141 1952 2198 47
1955 2132 2004 2191 8.
