2159 3508
827 99 1150 180 Conceptus

233 203 455 245 infirmitate
466 202 755 261 corripiebatur,
768 217 847 258 quo
863 208 904 243 in
924 206 1022 258 peri-

233 262 338 308 culo,
349 262 455 303 filiali
470 262 622 309 fiducia,
633 263 683 303 ad
693 264 876 303 MAiuAM
887 260 1023 301 confu-

235 324 344 378 giens
358 353 370 368 ‚
400 335 536 363 votum
564 321 686 362 emisit
705 334 896 376 perpetuae
916 318 1025 359 casti-

236 384 326 420 tatis
345 409 355 426 ,
383 379 408 420 fi
437 380 481 421 ea
518 382 798 421 interveniente
826 377 1026 418 sanitatem

235 437 328 479 esset
342 453 567 496 recepturus.
627 440 720 478 Hoc
741 437 849 477 edito
870 434 1028 492 promis-

239 495 279 537 so
292 527 302 542 ,
333 496 466 538 lanitas
476 512 548 553 pro
562 510 657 538 voto
677 495 893 535 restituitur.
952 497 1029 535 Ve-

240 557 350 602 rum,
381 555 564 596 defuncto
586 552 718 610 paullo
745 553 830 609 post
852 552 928 592 fine
952 551 1029 590 hre-

241 614 395 655 redibus
438 617 564 669 Rege,
598 615 689 652 cnm
706 611 946 653 Clericatum
971 613 1030 648 in-

240 675 356 712 terim
368 671 430 712 ille
446 687 535 712 cum
557 670 699 726 gaudio
711 667 919 725 fiiscepiffet
934 697 944 714 ,
972 684 1031 707 ur—

238 729 449 787 gentissime
459 728 740 774 sollicitabatur,
753 743 842 769 eum
852 725 1030 771 deserere,

242 804 357 843 atque
368 787 416 828 ad
433 802 547 828 tantae
557 786 890 828 conservationem
906 788 1031 825 Fami-

243 846 325 892 liae,
356 844 561 902 Regnique
573 845 915 902 gubernationem,
951 843 1033 883 feli-

243 904 282 946 ci
300 904 498 945 connubio
511 935 519 950 ,
534 904 834 961 pulcherrimam
845 903 910 944 fibi
923 903 1035 959 spon-

243 962 320 1003 fiim
346 967 599 1004 matrimonio
626 965 871 1019 conjungere.
931 961 1035 1013 Jam-

245 1037 321 1076 que
343 1037 400 1061 res
422 1022 469 1062 eo
483 1023 659 1068 devenit,
683 1036 724 1062 ut
743 1020 1037 1078 praevalentibus

245 1094 304 1120 tot
325 1078 476 1121 suorum
499 1081 672 1137 precibus
690 1095 883 1126 annuens,
915 1082 955 1118 in
972 1095 1036 1119 au-

244 1138 401 1194 spicatas
435 1140 594 1179 tandem
626 1141 791 1195 Nuptias
812 1136 1037 1179 consensum

246 1196 461 1253 praebuerit.
523 1199 730 1239 Enimvero
755 1201 795 1237 in
814 1197 894 1253 ipsa
914 1195 1038 1236 solen-

247 1259 306 1295 nis
318 1255 588 1312 Copulationis
599 1257 660 1296 die
671 1286 680 1302 ,
697 1258 787 1296 cum
799 1255 1038 1296 illustr-iffima

247 1315 506 1370 complurium
520 1318 740 1371 Principum
751 1345 761 1361 ,
775 1330 818 1355 ac
832 1317 1039 1355 Procerum

247 1372 457 1414 multitudo
478 1403 488 1419 ,
526 1388 638 1428 atque
669 1372 746 1430 ipsa
777 1372 1037 1429 principaliter

246 1432 482 1471 ornatiffima
503 1431 645 1488 Sponsa
665 1461 675 1478 ‚
707 1435 847 1472 unitim
859 1430 1036 1472 consiste-

246 1503 334 1529 rent
344 1519 355 1535 ,
367 1492 507 1530 Acium
521 1490 722 1531 solennem
735 1490 909 1546 precibus
919 1491 1036 1531 DEO

244 1549 590 1590 commendaturus
626 1549 808 1606 Sponihs,
849 1548 1040 1591 Sacellum

243 1606 395 1647 accedit
425 1607 710 1655 domesticum,
756 1622 896 1663 atque,
939 1611 1040 1647 inter

241 1664 333 1705 alias
341 1680 490 1722 preceS‚
522 1669 686 1708 Nonam
707 1682 756 1707 ex
766 1666 949 1707 consueto
966 1667 1040 1707 Of-

242 1723 334 1764 ficio
346 1723 522 1780 persolvit
543 1743 550 1766 :
582 1728 736 1781 jamque
754 1725 803 1766 ad
816 1725 930 1767 verba
950 1724 1037 1765 illa.-

243 1782 388 1822 Pulchra
396 1799 428 1822 es
439 1812 449 1829 ‚
466 1791 504 1826 ὠ·
515 1783 628 1824 decora
641 1814 650 1831 ‚
683 1799 926 1840 pervenerat,
947 1787 1037 1823 cum

241 1845 354 1880 ecce!
387 1840 629 1897 speffitabilem
654 1842 710 1883 illi
729 1842 764 1883 se
779 1842 936 1883 exhibet
951 1847 1038 1885 Vir-

243 1913 297 1954 go
334 1901 545 1942 Beatiffima
569 1931 580 1948 ,
626 1901 775 1942 duobus
809 1900 965 1958 Angelis
994 1917 1040 1941 ex

246 1956 407 2011 utraque
420 1974 523 2015 parte
535 1960 690 2016 stipata,
722 1975 805 2015 quae
814 1960 862 2000 fic
881 1975 968 2000 eum
987 1960 1039 1999 „il-

248 2015 420 2070 loquitur
441 2035 449 2058 :
494 2021 531 2060 Si
566 2033 659 2075 ergo
692 2018 829 2074 pulchra
866 2017 946 2058 sum
961 2049 969 2063 ,
1003 2034 1040 2060 ῳ·

249 2073 364 2136 decora
382 2103 392 2120 ‚
424 2091 490 2116 cur
515 2092 579 2117 me
620 2075 853 2131 derelinquis
875 2106 886 2122 ,
918 2081 1041 2133 Spon-

248 2131 403 2188 1amque
425 2133 540 2175 aliam
556 2135 695 2176 ducere
722 2135 889 2176 intendis
915 2148 927 2176 .>
958 2152 1040 2175 non

249 2205 342 2246 ergo
358 2206 432 2247 ego
446 2192 525 2233 sum
546 2193 743 2250 pulchrior
757 2220 768 2237 >
785 2200 825 2236 ὅ(
841 2193 1041 2234 formos-,er

249 2248 339 2290 illa?
371 2250 435 2290 ubi
457 2251 700 2308 pulchior-em
713 2267 883 2307 unquam
894 2252 1040 2294 vidisti?
1096 2253 1102 2255 s

249 2309 324 2347 His
351 2309 473 2350 verbis
499 2340 510 2356 ,
541 2310 646 2352 haud
679 2310 808 2356 aliter,
836 2326 879 2351 ac
914 2311 1043 2352 Saulus

249 2367 472 2420 quondam,
507 2368 720 2424 perculsus,
753 2383 868 2421 atque
892 2370 941 2409 ad
969 2383 1042 2408 tei·—

250 2439 332 2464 ram
349 2426 554 2481 prostratus
569 2456 580 2472 ,
613 2425 838 2467 Dulciffima
850 2428 1042 2467 Domina!

251 2483 472 2537 inquiebat:
504 2485 581 2525 scio
601 2484 804 2539 equidem,
836 2483 943 2538 quod
968 2485 1046 2525 cla=

251 2545 337 2581 ritas
352 2556 415 2583 tua
437 2558 599 2583 omnem
618 2543 779 2584 excedat
803 2545 940 2583 mundi
962 2543 1044 2599 pul-

249 2600 535 2648 chritudinem,
564 2616 700 2658 utpote
725 2616 808 2655 quae
835 2600 942 2658 super
958 2617 1043 2641 om*

249 2673 316 2698 nes
342 2660 581 2716 Angelorum
620 2661 761 2701 choros
785 2659 970 2706 exaltata,
1004 2668 1043 2702 δέ

250 2715 357 2772 super
377 2734 514 2759 omnes
533 2718 661 2760 Caelos
680 2735 719 2759 es
740 2718 889 2760 elevata
909 2736 916 2758 :
949 2719 1043 2774 quid

252 2790 345 2830 ergo
384 2792 424 2817 ut
462 2778 602 2818 faciam
647 2777 752 2832 jubes
776 2791 786 2818 ‚³
818 2777 1043 2834 Respondet

252 2835 427 2875 MARIA
449 2854 455 2875 :
495 2836 519 2875 fi
542 2836 714 2892 sponsam
731 2836 829 2877 mihi
849 2851 1043 2877 terrenam

251 2906 335 2931 non
348 2892 600 2949 pra‘posueris:
617 2895 643 2935 fi
655 2909 754 2940 eam,
776 2899 836 2935 cui
849 2895 1040 2935 adhaerere

251 2948 421 2997 statuisti,
433 2952 677 3008 meapropter
688 2951 901 2998 deserueris,
911 2969 955 2993 ac
967 2969 1043 2998 me,

250 3006 365 3048 stmel
382 3025 448 3066 per
467 3024 602 3051 votum
613 3011 795 3057 electam,
820 3011 923 3051 haud
939 3011 1046 3051 dere-

252 3065 404 3121 liqueris
417 3099 425 3114 ‚
450 3067 623 3124 sponsam
639 3083 795 3123 quoque
812 3084 876 3108 me
886 3069 1043 3109 habebis

249 3128 289 3164 in
306 3127 446 3167 Coelis:
467 3127 490 3166 {i
507 3127 673 3180 denique
686 3126 837 3167 Festum
847 3127 1044 3182 puriflimx

244 3196 341 3225 meae
367 3188 655 3241 Conceptionis
680 3189 888 3240 quotannis
910 3188 1044 3225 octava

1233 97 1351 158 XL.
1749 111 1797 167 13
1799 113 1832 167 5

1073 199 1303 241 Decembris
1334 194 1479 237 Festive
1515 193 1762 236 celebraveris
1775 222 1785 238 ,
1828 205 1874 230 ac

1075 258 1350 299 celebrandum
1363 260 1402 295 in
1418 258 1559 310 Regno
1569 254 1872 294 denunciaveris,

1076 316 1151 357 una
1164 331 1332 360 mecum,
1358 318 1397 354 in
1410 316 1552 368 Regno
1565 312 1660 366 filij,
1684 322 1873 351 coronam

1077 379 1249 430 accipies.
1293 376 1427 418 Dixit,
1456 378 1496 413 &
1512 374 1675 411 evanuit.
1718 368 1797 408 Hic
1811 365 1873 405 ille

1077 432 1249 489 sponsam
1262 446 1453 471 terrenam
1470 459 1480 475 ,
1511 426 1757 483 quantumvis
1776 425 1874 465 ssim-

1078 492 1141 532 me
1153 490 1675 543 contristatam,quantocyus
1690 484 1873 527 deserens,

1078 548 1182 589 extra
1203 552 1365 604 patriam
1380 575 1389 590 ‚
1437 546 1486 586 ad
1513 547 1787 586 Eremitorium
1803 544 1876 597 pri-

1082 611 1213 653 mum,
1244 607 1334 647 dein
1365 605 1412 645 ad
1445 603 1651 644 Abbatiam
1678 601 1876 657 quandam

1082 665 1270 722 profechis
1295 695 1305 710 ,
1340 661 1576 719 Religiolum
1601 661 1796 703 Ordinem
1822 657 1877 698 est

1081 724 1299 780 amplexus,
1325 736 1434 762 tanto
1464 724 1647 762 virtutum
1672 718 1842 775 profe&u
1864 744 1876 762 ‚

1082 799 1122 824 ut
1135 782 1264 839 paullo
1282 780 1387 837 post,
1409 778 1672 819 intercedente
1696 777 1799 817 haud
1808 775 1878 815 du-

1083 842 1145 882 bie
1163 840 1351 898 puriffima
1374 840 1699 882 DEIGenitrice,
1730 834 1877 891 Aglari-

1085 900 1178 940 ensis
1209 903 1247 939 in
1274 897 1412 938 Friulia
1444 896 1668 952 Episcopus,
1695 910 1740 934 ac
1761 896 1878 934 Patri-

1086 959 1202 999 archa
1217 957 1328 998 fuerit
1339 955 1583 996 constitutus:
1603 957 1641 993 in
1655 968 1772 1008 quem
1784 967 1880 992 con-

1086 1017 1265 1062 secratus,
1298 1016 1443 1056 dicium
1471 1013 1623 1054 Festum
1652 1013 1879 1066 quotannis,

1088 1077 1149 1118 die
1165 1075 1348 1132 affignato
1363 1103 1374 1120 ,
1398 1071 1651 1113 solenniffime
1661 1085 1749 1110 cum
1762 1071 1881 1111 Osta-

1087 1135 1134 1177 vfi
1153 1134 1348 1175 celebrans
1361 1163 1370 1178 ,
1402 1135 1520 1172 etiam
1537 1130 1585 1170 ab
1598 1129 1677 1183 alijs
1697 1127 1880 1168 celebrari

1088 1209 1159 1251 pro
1179 1192 1317 1235 viribus
1342 1194 1507 1232 curavit,
1540 1188 1786 1244 largiffimum
1807 1188 1880 1226 uti-

1086 1268 1160 1308 que
1174 1255 1374 1308 praemium
1398 1279 1407 1295 ,
1449 1249 1738 1290 &coronamin
1758 1243 1881 1286 Coelis

1087 1308 1465 1353 immarcescibilem,
1508 1323 1576 1362 pro
1607 1320 1716 1346 tanto
1739 1307 1777 1343 in
1790 1305 1881 1344 MA-

1090 1385 1168 1410 Riffi
1182 1370 1497 1424 Conceptionem
1510 1364 1654 1408 affec-lu,
1665 1364 1881 1404 etiamnum

1089 1431 1312 1486 percipiens.
1374 1427 1434 1463 Ex
1456 1427 1554 1464 Petro
1577 1423 1721 1461 Antonio
1733 1419 1876 1476 Spt'nell0,

1087 1492 1119 1527 S.
1133 1486 1302 1541 Ansblmffi
1326 1493 1363 1527 ζα·
1378 1486 1510 1532 ,ῗοαηηε
1530 1479 1730 1537 Carthagem?
1740 1509 1748 1524 ‚
1762 1493 1838 1522 torn,
1851 1493 1880 1522 ,²-

1090 1553 1124 1597 ὅ·
1151 1561 1202 1593 92’·

1278 1633 1318 1684 §-
1333 1639 1377 1691 ς.
1413 1620 1690 1700 symbolum.

1091 1727 1309 1786 Delpara,
1332 1725 1434 1770 sIne
1455 1717 1598 1780 spInIs
1616 1717 1889 1780 orIgInaLIs
1912 1717 2048 1783 278,

1360 1791 1629 1866 &MaCVLaa

1139 3021 1177 3047 Ca
1186 3018 1283 3047 ῗῑεττεε,
1298 3028 1412 3047 externo
1423 3025 1493 3057 quas
1502 3017 1637 3046 monstrat
1647 3015 1749 3045 cortice
1760 3018 1871 3055 spinas,

1185 3066 1249 3087 Non
1263 3063 1326 3088 bau:
1338 3071 1346 3087 t
1369 3059 1481 3090 nxeiwi'is,
1500 3060 1580 3093 Spina
1592 3058 1719 3087 ibinulla
1733 3068 1838 3087 manet.

1137 3103 1197 3129 Sic,
1214 3103 1344 3140 qnsvum
1356 3111 1437 3136 prinu
1449 3100 1563 3138 §pinosi
1577 3099 1591 3127 ὲ
1602 3100 1681 3138 stirpe
1699 3102 1831 3138 patentis,

1178 3143 1285 3169 Peccata·
1303 3146 1388 3178 bpinae
1417 3142 1507 3169 nescia
1528 3141 1615 3179 Virgo
1632 3141 1699 3171 fuit.

1094 3199 1284 3231 Onnzisgloria
1292 3201 1349 3233 ejus
1360 3198 1428 3225 Filia
1442 3199 1516 3232 Regis
1526 3196 1736 3228 abinms.1>sa1.
1750 3211 1796 3232 44.
1807 3209 1833 3226 v.
1849 3208 1892 3235 ¹4·

1762 3247 1792 3289 ς.
1827 3246 1862 3280 6.
