2169 3496
723 73 964 156 Epistola
986 74 1355 137 Dedicatoria.

124 172 374 234 cumdata,
406 169 638 247 Stellisque
654 187 904 230 coronata,
926 191 1024 239 quae
1045 191 1145 223 non
1168 173 1351 223 tantum
1366 176 1416 222 in
1437 173 1529 224 hoc
1549 178 1792 240 Conceptu
1813 178 1965 229 Chro-

126 247 431 315 nographico,
450 246 522 295 sed
537 249 642 294 &in
653 245 789 293 corde
808 262 932 302 meo,
943 244 1119 307 semper
1133 245 1386 308 impressam
1407 245 1579 293 videbit
1599 248 1840 295 manifestis
1856 249 1965 296 cha-

125 318 365 367 raueribus
390 315 628 382 Religiosae
651 316 936 372 devotionis,
956 312 1231 378 puriffimam
1247 317 1373 363 luam
1394 318 1668 379 imaginem,
1692 334 1790 364 non
1810 318 1965 382 dedig-

125 404 280 445 netur,
299 387 506 452 benigno
524 386 691 434 obtutu
710 387 968 432 illuminare
989 384 1238 442 servulum,
1252 388 1301 432 in
1320 388 1537 432 Dominae
1555 384 1640 432 suae
1654 390 1964 448 patrocinium

123 458 453 507 confidentem.
542 458 754 519 Digneris
781 453 964 515 insuper
982 458 1113 515 Opus
1140 453 1232 501 hoc
1251 470 1411 502 meum
1435 451 1547 502 adeo
1568 458 1877 514 inflammare,
1910 471 1964 504 ut

123 543 242 594 quot
262 531 310 575 in
331 528 412 574 illo
435 530 728 586 Conceptus,
746 526 795 570 in
818 523 1130 584 Conceptibus
1145 523 1435 587 Paragraphi‚
1454 528 1497 570 in
1513 524 1798 589 Paragraphis
1818 528 1964 583 lineae,

124 601 174 647 in
194 600 323 646 lineis
347 595 507 652 verba,
543 597 592 640 in
616 593 762 640 verbis
785 595 928 654 apices
942 628 956 650 ,
991 607 1062 640 tot
1090 592 1177 640 sint
1203 594 1446 642 flammulae
1467 628 1481 650 ‚
1510 610 1608 657 quae
1640 595 1889 642 accendant
1913 599 1963 642 in

124 667 364 722 cordibus,
393 681 443 712 ac
463 661 716 725 petitoribus
733 664 1012 726 legentium,
1050 678 1205 709 veram
1229 679 1279 710 ac
1307 679 1514 710 teneram
1529 665 1831 712 devotionem
1852 699 1866 722 ‚
1896 681 1964 711 er-

124 753 181 802 ga
202 732 365 785 Tuam
380 738 578 790 Sacram,
607 748 656 780 ac
675 729 852 796 prorsus
868 733 1211 780 immaculatam
1231 736 1622 796 Conceptionem.
1697 737 1819 782 Sicut
1837 735 1963 782 deni-

124 823 215 871 que
233 801 293 854 ab
308 801 460 860 initio,
486 799 550 858 &³
567 812 679 849 ante
701 797 868 851 Saecula
888 812 1048 849 creata
1067 836 1081 858 ,
1132 818 1211 864 per
1231 806 1332 854 Vll.
1357 806 1538 865 jamjam
1559 804 1722 852 Saecula
1734 838 1748 860 ,
1769 820 1867 867 quae
1888 809 1962 852 Sa-

124 893 203 925 cer
226 876 335 924 Divi
355 871 615 920 Patriarchae
633 871 774 919 nostri
799 877 1054 919 Bssufimcn
1071 872 1201 920 Ordo
1224 872 1278 919 ad
1302 877 1368 921 SS.
1395 880 1688 920 UDALRICuM
1716 881 1762 920 ὃς
1784 880 1963 921 AFRAM

125 943 200 994 hic
218 942 451 1008 Augustae,
477 958 578 989 non
603 941 696 989 sine
712 958 886 1006 magno
906 941 1191 990 Orthodoxae
1206 944 1464 1006 Religionis
1485 945 1834 997 emolumento,
1862 945 1965 991 feli-

124 1018 236 1063 citer
250 1011 473 1065 absolvit,
506 1016 675 1065 Mater,
706 1028 757 1059 ac
774 1011 871 1074 post
894 1015 1015 1059 Di-:u
1030 1026 1068 1056 M
1093 1009 1406 1059 conservatrix
1431 1046 1447 1066 ,
1480 1020 1527 1059 &
1549 1015 1793 1074 protectrix
1815 1014 1965 1062 nostra

121 1082 329 1140 extitisti,
356 1085 417 1130 ita
445 1081 536 1129 hoc
562 1080 806 1144 specialiter
830 1089 974 1129 Anno
1003 1083 1204 1130 Saeculari
1229 1082 1282 1129 ad
1306 1097 1392 1130 nos
1413 1078 1620 1130 Materne
1643 1081 1866 1145 respiciam
1909 1084 1963 1131 fit

120 1146 340 1202 Saculum
358 1148 563 1217 nostrum
580 1149 631 1200 in
648 1146 984 1199 illuminatione
1003 1142 1168 1199 vultds
1188 1149 1310 1209 Tui,
1334 1152 1440 1200 Psal.
1459 1160 1531 1209 89.
1552 1169 1599 1204 v.
1617 1160 1655 1200 8.
1695 1151 1874 1215 insuper
1900 1150 1965 1210 Εἴ

120 1219 263 1294 usque
285 1217 589 1292 adfutnrum
613 1217 830 1270 Saeculum
853 1237 947 1269 non
963 1215 1162 1287 desinas,
1199 1221 1392 1269 devotos
1419 1214 1534 1269 ‘Tibi
1558 1223 1755 1270 famulos
1782 1222 1965 1270 conser-

121 1309 249 1350 vare,
274 1307 372 1340 tam
388 1292 651 1343 credendae‚
688 1307 738 1339 ac
766 1291 1055 1338 defendendae
1086 1288 1326 1338 Puriffimae
1356 1294 1691 1353 conceptionis
1729 1287 1837 1340 Tua
1872 1293 1963 1340 stu.

120 1359 384 1412 diofiffimos
400 1396 415 1418 ‚
439 1359 577 1424 quam
597 1363 802 1408 Honoris
822 1355 921 1407 Tui
942 1363 1254 1422 cujuscunque
1279 1359 1470 1420 (contra
1494 1364 1759 1409 temerarios
1788 1361 1963 1424 praeser-

116 1436 210 1481 tim
243 1437 378 1481 Sacrae
407 1427 515 1478 ‘Tua
540 1433 755 1494 imaginis
783 1429 1064 1491 violatores)
1106 1444 1468 1493 propugnatores
1505 1429 1749 1478 indefessos.
1856 1434 1963 1479 Hoc

119 1502 234 1550 dum
265 1516 426 1564 precor
451 1535 466 1558 ‚
523 1498 774 1563 meumque
808 1503 1031 1563 exiguum
1069 1497 1349 1566 Conceptum
1382 1499 1436 1547 ad
1462 1497 1797 1562 speciofissimos
1825 1501 1965 1550 Pedes

120 1567 250 1621 ‘Raos
280 1566 544 1618 humillime
576 1570 801 1633 depono,·
837 1574 1024 1618 Sacrum
1060 1584 1112 1616 ac
1137 1570 1488 1618 immaculatum
1507 1570 1754 1618 Thronum
1782 1566 1963 1628 Tuum,

120 1638 211 1691 Au
240 1634 461 1712 ustzfflma
481 1635 697 1688 Coelitum
720 1637 929 1708 ‘Regina
941 1639 961 1685 Ι
994 1637 1343 1687 venerabundus
1372 1638 1630 1698 exosculor,
1648 1640 1964 1706 Divinamc‘lue·

120 1714 172 1762 in
191 1655 263 1761 ᾗ
281 1713 545 1759 Potentiam
570 1707 729 1759 infima
751 1705 1042 1758 submissione
1070 1708 1275 1768 adoram,
1295 1725 1502 1773 perenno

119 1882 673 1998 Augustiffimae,
726 1917 809 1967 ac
839 1886 1271 1995 perpetuum
1302 1884 1778 1967 Immaculatae

612 2006 987 2115 Majestatis
1016 2008 1207 2088 Tuae.

1489 2561 1641 2602 {limem
1657 2561 1794 2614 Infimuae

1260 2965 1298 3006 P.
1326 2962 1647 3017 JOSEPHUS
1675 2964 1957 3010 ZOLLER‚

1416 3021 1512 3064 Ord.
1537 3025 1568 3063 S.
1585 3023 1793 3069 Benedicti.

1843 3195 1958 3256 LI.
