2159 3508
288 226 406 279 quam
438 221 582 262 securus
611 217 775 259 subfistat
806 217 870 258 ille
900 245 910 261 ‚
948 214 1077 254 media

291 278 463 336 quamvls
481 281 581 317 inter
595 275 759 333 pericula
775 302 785 319 ‚
816 277 880 329 qui
905 272 1077 313 validiffi-

293 338 547 380 mis-Divinae
571 336 820 391 protectionis
855 331 921 372 alis
941 331 1077 385 jugiter

294 393 553 437 obumbratur.

264 450 266 452 ¹
380 450 453 492 Sed
465 447 598 490 nonne
620 446 779 503 idipsum
803 458 977 501 experta,
1010 459 1076 500 pu-

294 509 428 550 riffima
467 522 619 562 quoque
656 507 837 546 Numinis
897 505 1076 543 Genitrix

294 570 340 608 M
355 582 381 606 A
398 581 424 606 R
437 581 450 605 1
467 577 517 606 A?
547 579 630 619 quae
645 567 686 603 in
708 561 785 619 ipso
804 559 975 600 mortalis
989 563 1074 601 vitae

295 627 484 680 principio
496 652 506 668 ‚
537 623 585 662 ad
601 620 746 662 bellum
768 618 970 660 confestim
986 633 1073 659 evo-

294 696 396 727 cata,
429 679 629 738 gloriosam
657 678 784 719 retulit
809 677 857 716 de
881 676 990 716 hoste
1023 679 1077 717 vi-

294 742 474 785 storiam,
495 736 772 778 omnibushc‘et
782 734 946 789 reliquis,
978 735 1076 774 firni-

295 796 323 837 li
335 796 515 837 conflifm
529 794 658 835 misere
673 792 882 837 debellatis.
928 797 1076 834 Verun-

295 870 426 895 tamen
446 883 456 900 ‚
484 852 594 908 quale
630 853 742 893 fuerit
778 850 922 892 bellum
941 849 1033 889 illud
1064 878 1075 895 ,

295 912 444 967 qualive
456 910 698 952 commiffum
717 924 904 965 tempore,
930 910 1080 964 perqui-

293 974 372 1011 ritis
396 984 407 1011 Ξ
437 969 596 1010 Audite!
628 967 800 1008 Diembellz'
825 965 927 1006 fuiss'e
954 965 1078 1005 existi-

293 1043 388 1071 mo,
420 1034 460 1069 δε
480 1029 692 1068 etiamnum
715 1024 807 1071 effe,
838 1024 932 1064 illud
957 1025 1077 1076 cujus-

294 1085 388 1126 libet
403 1087 669 1140 conceptionis
688 1084 803 1136 instans
815 1111 824 1127 ,
855 1085 893 1121 in
907 1096 985 1135 quo
1001 1081 1076 1121 dae-

293 1158 412 1189 mon,
442 1142 562 1183 inusta
587 1139 766 1197 originali
791 1139 940 1179 macula
961 1167 972 1184 ,
1004 1139 1076 1179 do-

293 1204 432 1242 minari
443 1200 534 1241 solet
545 1200 592 1240 de
604 1197 1075 1252 aliima.quemadmodun1

293 1263 398 1299 enim
425 1262 465 1298 in
504 1257 607 1298 bello
627 1287 638 1303 ‚
677 1271 751 1297 una
797 1256 1074 1296 decertantium

292 1331 399 1373 pars,
427 1314 502 1371 qua
518 1315 640 1372 potest
669 1341 680 1357 ,
712 1313 869 1355 alteram
903 1314 1072 1360 invadit,

292 1373 570 1431 possessionibus
583 1377 723 1430 privat,
755 1372 896 1414 Urbes>
926 1388 968 1412 ac
984 1386 1072 1412 mae-

291 1436 356 1474 nia
377 1431 586 1473 demolitur
605 1461 614 1477 ,
647 1430 750 1470 bona
772 1430 922 1485 diripit,
952 1445 995 1469 ac
1017 1433 1072 1484 ip-

291 1491 369 1531 sam
387 1493 506 1531 etiam
530 1493 648 1530 vitam
685 1488 916 1542 quandoque
950 1491 1071 1527 extin-

291 1552 393 1605 guit,
420 1547 560 1588 multos
571 1545 749 1603 praetenea
765 1550 805 1585 in
830 1545 950 1585 diram
964 1544 1070 1585 servi-

291 1620 413 1647 tutem
435 1605 610 1649 abducit,
641 1602 757 1658 irique
785 1602 969 1642 lumniam
1004 1618 1069 1642 eos

291 1663 458 1705 detrudit
473 1662 730 1703 calamitatem
751 1679 761 1707 5
791 1661 838 1700 fic
851 1676 917 1715 per
937 1675 1068 1715 pecca-

292 1736 376 1763 tum
414 1723 590 1777 originis,
621 1720 744 1760 homo
782 1717 1007 1758 nobilissime
1047 1718 1069 1758 a

292 1781 406 1821 DEO
418 1792 561 1819 creatus
572 1807 582 1824 ,
602 1784 642 1820 ὃς
655 1781 695 1818 in
706 1776 848 1817 summa
859 1775 1044 1832 dignitate
1056 1805 1067 1821 ‚

290 1836 618 1893 pulcherrimaque
656 1835 804 1889 justitiae
852 1833 1068 1889 poss'effione

287 1895 515 1941 collocatus,
545 1894 588 1935 ea
605 1894 798 1947 deijcitur,
830 1895 973 1933 Divina
986 1908 1068 1947 gra*-

287 1954 338 1995 tia
350 1953 528 2010 spoliatur
538 1982 548 1998 ,
579 1968 622 1993 ac
639 1956 679 1991 in
690 1966 775 1992 eam
790 1951 999 1991 detruditur
1008 1966 1070 1991 ca-

286 2011 499 2052 lamitatem
511 2041 520 2057 ,
551 2025 591 2051 ut
605 2009 731 2050 statim
751 2007 887 2065 abipso
903 2024 1070 2065 concep-

289 2084 329 2110 tu
353 2070 416 2110 fiat
428 2068 658 2114 immundus,
679 2075 718 2110 &
739 2067 871 2108 natura
885 2067 928 2107 fit
946 2070 1007 2107 ira:
1027 2068 1069 2108 fi-

288 2127 378 2173 lius,
409 2130 553 2183 peccati
589 2126 706 2167 servus
726 2155 735 2170 ,
766 2129 881 2166 morti
901 2125 1066 2166 obnoxi-

286 2202 328 2226 us
338 2216 347 2231 ‚
381 2185 441 2225 sed
452 2192 491 2228 ἃ
503 2185 610 2239 hujus
623 2183 757 2224 mundi
772 2187 947 2239 principi,
961 2187 1064 2224 Sata-

287 2260 345 2284 nae
370 2243 533 2284 subditus
545 2272 554 2288 ,
572 2258 615 2282 ac
632 2243 808 2287 demum,
839 2242 909 2281 five
928 2257 1063 2298 corpus

287 2304 381 2356 ejus,
410 2302 481 2342 five
511 2304 679 2342 animam
698 2299 922 2356 spectemus,
953 2299 974 2340 ὲ
990 2304 1063 2356 pri-

286 2359 410 2401 maevo
426 2359 493 2400 illo
511 2360 626 2404 statu,
657 2362 721 2413 qui
740 2358 831 2398 Adae
851 2357 975 2398 adhuc
1006 2362 1061 2398 in-

284 2420 441 2458 nocenti
464 2419 646 2472 contigit‚
677 2420 716 2456 in
737 2416 852 2456 alium
871 2415 985 2472 longe
997 2417 1061 2457 de-

284 2481 464 2516 teriorem
493 2487 759 2515 commutatus.
819 2474 892 2515 Sed
925 2475 1017 2527 quid
1048 2487 1059 2515 ‚²

282 2532 561 2588 Triumphabat
570 2531 661 2587 ergo
672 2561 682 2577 ,
713 2545 777 2572 aut
791 2531 1060 2572 dominabatur

283 2589 474 2632 infernalis
494 2593 666 2630 inimicus
688 2590 735 2629 dc
750 2589 825 2644 ipsa
842 2594 956 2630 etiam
969 2593 1058 2631 ΜΑ-

280 2664 361 2690 RIAE
371 2651 535 2704 Virginis
551 2647 734 2704 puriffima
753 2648 880 2687 anima
897 2660 905 2686 3
941 2652 1057 2702 priva-

279 2706 396 2748 batne
417 2706 524 2747 illam
539 2720 691 2760 quoque
731 2704 954 2744 retiofissima
978 2721 1059 2761 gra-

276 2769 357 2812 tiae‚
386 2780 432 2807 ac
453 2764 600 2819 justitiae
621 2778 671 2819 po
701 2762 856 2802 effione?
886 2763 1056 2803 minime.

274 2824 369 2865 sedit
378 2824 461 2864 haec
471 2826 596 2879 potius
616 2822 650 2860 in
669 2819 718 2860 die
728 2819 816 2865 belli,
849 2819 905 2859 seu
933 2825 1057 2874 primo

276 2881 343 2921 illo
354 2881 507 2922 instanti
522 2879 741 2921 securiffima
754 2907 762 2921 ,
794 2877 855 2917 sub
867 2877 999 2917 umbra
1012 2878 1054 2918 il-

278 2938 364 2983 lius,
395 2954 510 2993 quem
533 2938 821 2982 desideraverat,
869 2936 971 2985 filiu,
1008 2953 1054 2977 cx

278 2998 463 3051 purissimo
474 2996 673 3051 quondam
693 3009 799 3035 utero
817 2993 879 3034 suo
894 3020 904 3037 ,
937 2997 973 3033 in
1001 2994 1052 3034 sa-

278 3054 602 3100 lutemomnium‚
633 3052 878 3109 progreffiiri,
909 3053 1052 3092 acmfi-

274 3115 361 3152 nitis
375 3112 545 3167 passionis
556 3111 624 3152 suae
633 3114 776 3151 meritis
795 3110 980 3150 mundum
995 3116 1048 3149 re-

273 3170 472 3225 dempturi.
504 3169 550 3209 sic
572 3173 701 3214 enim,
736 3172 854 3211 Sacris
885 3172 923 3207 in
956 3184 1045 3209 can-

695 127 787 186 De
808 123 1093 201 Concepta
1117 123 1267 180 Sacra
1288 121 1537 199 Deipara.

1126 217 1209 255 ticis
1239 214 1315 269 ipsa
1335 213 1524 268 loquitur:
1557 213 1621 252 Sub
1639 212 1751 253 umbra
1776 212 1858 252 illim
1895 240 1906 256 ,

1128 288 1217 329 quem
1237 271 1505 319 defideraweram,
1527 269 1609 325 fidi.
1639 272 1744 324 quod
1775 271 1906 311 clarius

1129 330 1312 370 infinuare
1326 329 1471 370 videtur
1481 357 1492 374 ,
1514 342 1602 368 cum
1614 329 1764 369 Davide
1776 329 1905 369 dicen-

1126 389 1198 428 do:
1232 386 1425 441 Obumbrcssi
1434 386 1531 443 ficper
1544 398 1636 443 caput
1649 402 1771 431 meum,
1786 388 1836 425 dn
1858 386 1908 424 die

1125 445 1202 486 belli.
1233 444 1564 499 quemadmodum
1595 447 1700 484 enim
1729 443 1794 483 dies
1814 443 1904 488 belli,

1126 517 1166 544 ut
1178 503 1283 559 supra
1304 503 1488 548 diximus,
1521 501 1662 542 instans
1675 501 1729 542 est
1740 515 1906 556 concep-

1126 565 1260 607 tionis,
1290 561 1337 601 fic
1353 572 1447 617 caput
1458 560 1511 600 est
1526 563 1611 601 vitae
1634 563 1864 615 principium
1894 587 1906 603 ,

1127 618 1149 659 a
1170 622 1427 675 conceptione
1442 617 1690 674 desumptum.
1722 616 1828 671 quod
1851 620 1908 656 in-

1127 692 1241 717 nuere
1251 678 1398 718 videtur
1408 675 1586 732 praeclara
1600 675 1797 716 doffiffimi
1806 674 1910 715 Abu-

1126 733 1238 775 lensis
1251 737 1291 775 in
1302 735 1407 775 hunc
1418 734 1549 775 locum
1561 734 1746 789 expofitio
1755 763 1766 779 ,
1793 733 1842 773 fic
1853 733 1877 772 d
1885 748 1905 772 e

1125 792 1330 833 felicissima
1339 795 1506 848 Virginis
1517 791 1813 832 obumbratione
1823 820 1833 836 ‚
1865 806 1909 831 ac

1125 850 1465 906 fingularivistorisl
1494 850 1748 890 discurrentis:
1781 851 1908 889 Princi-

1121 909 1210 965 pium
1222 910 1298 948 “vitae
1314 911 1421 947 [Beata
1433 913 1462 948 V
1469 909 1579 964 irgine?
1590 908 1809 948 obumbratum
1813 909 1882 962 ficit
1895 936 1905 952 ,

1124 966 1164 1005 ab
1191 966 1319 1020 instant?
1340 967 1560 1022 conceptionis,
1591 983 1632 1005 ex
1656 968 1695 1006 ‘ri
1711 966 1907 1022 praewistonbs

1125 1025 1304 1063 meritorum
1331 1025 1606 1079 CHRISTI,
1637 1032 1675 1066 &⁴
1697 1025 1814 1064 nullam
1835 1040 1906 1063 con-

1124 1083 1228 1121 traxit
1249 1082 1407 1121 maculam
1441 1082 1642 1137 originalem:
1673 1081 1754 1121 unde
1782 1084 1905 1138 gratim

1123 1156 1218 1196 agens
1240 1141 1358 1179 DEO
1369 1169 1380 1186 ,
1403 1151 1462 1195 pro
1487 1153 1576 1178 tanto
1600 1139 1741 1194 beneficio
1754 1169 1765 1185 ,
1797 1140 1904 1180 dixit:

1123 1197 1309 1252 obumbrasti
1328 1197 1425 1254 super
1453 1209 1546 1253 caput
1578 1213 1679 1237 meum
1697 1199 1729 1236 in
1754 1197 1805 1236 die
1823 1198 1901 1239 belli.

1123 1255 1205 1297 haec
1234 1255 1299 1296 ille
1319 1272 1327 1295 :
1356 1254 1655 1297 Ofeliciffimam
1678 1255 1769 1312 ergo
1793 1258 1903 1298 Divi-

1122 1318 1163 1354 ni
1183 1313 1358 1368 adjutorij
1379 1316 1535 1354 MARJAE
1558 1313 1715 1369 impensi
1733 1313 1904 1354 umbram!

1121 1376 1162 1414 O
1181 1371 1365 1428 singulare
1379 1371 1400 1412 ὲ
1416 1372 1573 1428 praevifis
1585 1371 1725 1413 Christi
1745 1376 1903 1420 meritis,

1120 1433 1400 1486 protectionem
1410 1459 1422 1476 ,
1452 1429 1580 1470 omnis
1596 1433 1743 1485 prorsus
1755 1435 1903 1486 peccati

1120 1487 1202 1528 imo
1242 1490 1390 1544 peccati
1406 1486 1521 1527 umbrae
1540 1517 1550 1532 ,
1580 1489 1659 1541 jam
1674 1491 1714 1527 in
1733 1489 1811 1544 ipio
1822 1489 1902 1529 bel-

1121 1545 1167 1591 li,
1202 1544 1262 1586 seu
1278 1548 1543 1601 conceptionis
1563 1549 1753 1601 principio
1774 1548 1903 1587 exclu-

1119 1604 1252 1644 fivam!
1276 1602 1362 1644 vere
1378 1606 1532 1644 MAMAE
1544 1617 1622 1643 tam
1634 1604 1796 1659 gratiose
1806 1620 1900 1645 con-

1117 1675 1237 1718 ceptae
1251 1664 1430 1717 congruit
1450 1660 1544 1700 illud
1561 1661 1691 1714 Ovidij
1708 1678 1720 1701 .-

1212 1745 1310 1799 Caput
1330 1740 1533 1798 insuperabile
1555 1740 1640 1780 bello.

1116 1814 1177 1852 cui
1188 1813 1407 1870 Seraphicus
1418 1815 1534 1854 etiam
1543 1815 1809 1854 Bonaventura
1816 1824 1898 1851 me·

1117 1869 1191 1911 rito
1218 1871 1513 1928 gratulabundus
1543 1874 1705 1917 accinit,
1739 1870 1797 1910 his
1815 1885 1896 1910 ver-

1119 1929 1175 1969 bis
1197 1946 1204 1968 :
1237 1935 1264 1969 0
1282 1931 1383 1970 MA
1389 1932 1461 1984 RI
1461 1931 1503 1968 A
1508 1931 1521 1969 Ι
1536 1931 1694 1968 Dominus
1711 1943 1812 1968 tecum
1813 1928 1895 1983 ficit,

1118 1988 1264 2042 tecumcst
1275 2017 1285 2033 ,
1315 2003 1414 2027 tecum
1427 1989 1494 2027 erit.
1553 1987 1670 2027 Tecum
1681 1988 1750 2041 fuit
1771 1988 1803 2026 in
1824 2003 1894 2025 con-

1119 2046 1252 2102 ceptione
1262 2072 1272 2088 ‚
1286 2048 1332 2084 Te
1343 2046 1529 2085 obumbrans
1539 2044 1694 2086 adversus
1706 2047 1809 2084 omnia
1821 2057 1895 2101 pec-

1115 2105 1346 2159 catiorigz‘nalfs
1359 2105 1449 2159 ignea
1462 2104 1537 2143 tela.
1598 2105 1683 2144 Nos
1703 2102 1809 2149 vero,
1828 2107 1893 2157 qui

1113 2164 1153 2200 in
1164 2161 1235 2201 hac
1249 2161 1297 2200 die
1317 2162 1409 2206 belli,
1441 2161 1643 2202 confestim
1672 2161 1802 2201 misere
1827 2163 1892 2201 de-

1112 2222 1199 2261 visti
1209 2248 1220 2266 ,
1251 2220 1434 2276 originale
1477 2219 1611 2260 vulnus
1648 2222 1864 2276 accepimus
1876 2248 1888 2264 ,

1111 2276 1355 2333 ejusdemque
1366 2282 1581 2318 cicatricem
1593 2280 1806 2319 etiamnum
1816 2281 1888 2319 cir-

1935 196 2015 222 Cam.
2032 205 2056 225 ι,

1935 246 1957 263 ν.
1975 245 1998 269 3.

1923 1731 1954 1758 Ι..
1965 1741 2009 1760 1².

1923 1771 2043 1801 Metam.

1919 1931 1948 1956 In
1957 1930 2032 1966 Spec.

1919 1972 1994 2009 Virg-
2006 1980 2029 2001 c.
2039 1980 2066 2003 9.

1111 2336 1374 2379 cumferimus‚
1390 2335 1607 2377 obumbrari
1622 2335 1753 2377 saltem
1763 2342 1888 2393 impo-
1909 2354 1912 2357 ¹

1111 2394 1251 2435 stersim
1295 2394 1534 2436 studeamus:
1563 2401 1604 2437 &
1636 2394 1890 2449 quemadmo-

1111 2453 1205 2492 dum
1224 2459 1234 2503 (
1250 2452 1508 2494 attestantibus
1517 2452 1787 2509 Apostolorum
1798 2455 1886 2493 aelti-

1110 2510 1199 2560 bus)
1233 2514 1272 2551 in
1303 2510 1444 2567 plateas
1476 2512 1582 2565 ejecti
1615 2510 1698 2551 sunt
1722 2510 1886 2553 infirmi,

1110 2575 1149 2610 &
1165 2569 1271 2624 positi
1290 2568 1476 2615 inleh‘lulzls,
1506 2585 1544 2608 ac
1567 2568 1735 2625 grabatis,
1765 2582 1800 2606 ut
1826 2581 1884 2608 ’νε-

1108 2628 1210 2666 niente
1221 2630 1335 2672 Petro,
1356 2625 1474 2681 ficltem
1491 2626 1604 2667 umbra
1624 2626 1707 2665 illim
1719 2624 1884 2664 obumbra-

1108 2698 1155 2723 ret
1188 2700 1373 2740 quemquam
1407 2684 1527 2724 illorum
1551 2709 1562 2726 ‚
1597 2691 1636 2725 ὠ·
1675 2682 1883 2723 liberaremur

1107 2758 1210 2780 omnes
1226 2742 1268 2780 ab
1288 2741 1525 2796 infirmitatibus
1534 2741 1625 2796 ficis,
1654 2740 1703 2781 fic
1725 2741 1882 2796 provol—

1106 2814 1237 2839 vamur
1248 2805 1287 2840 &
1298 2813 1368 2838 nos
1380 2827 1390 2843 ‚
1402 2801 1441 2838 in
1452 2797 1581 2839 anima
1601 2813 1667 2854 per
1681 2812 1883 2854 peccatum

1104 2856 1272 2902 sauciati,
1311 2855 1359 2897 ad
1383 2870 1534 2912 portam
1565 2858 1719 2898 Divinae
1744 2855 1883 2898 miseri-

1102 2914 1264 2960 cordiae,
1295 2929 1336 2955 ut
1355 2944 1365 2961 ,
1400 2918 1677 2957 interveniente
1705 2917 1849 2956 Minus
1866 2945 1878 2962 ,

1101 2972 1176 3012 fine
1188 2971 1272 3013 labe
1294 2972 1504 3029 concepta,
1534 2972 1664 3013 saltem
1683 2972 1817 3013 umbra
1834 2973 1877 3012 il-

1100 3029 1167 3070 lius
1184 3045 1254 3071 nos
1266 3030 1489 3075 obumbret,
1518 3033 1702 3086 quatenus
1726 3030 1774 3071 ab
1788 3045 1872 3070 om-

1101 3089 1208 3129 uibus
1229 3093 1369 3130 anima:
1390 3089 1527 3130 nostrae
1539 3087 1817 3129 infirmitatibus
1829 3086 1871 3128 li-

1100 3146 1239 3194 berati,
1266 3148 1313 3189 ad
1341 3147 1523 3189 visionem
1555 3146 1769 3188 beatificam
1804 3146 1871 3186 ad-

1752 3223 1838 3262 mit-

1908 2561 1931 2584 e.
1942 2564 1969 2590 ς.
1977 2564 2003 2584 V.
2012 2564 2053 2594 14·

1907 2600 1934 2626 δι
1949 2594 2005 2635 seq.
