2200 3539
844 67 1084 150 Epistola
1105 57 1480 126 Dedicatoria.

254 183 310 230 fit
334 174 560 232 Wrbune,
602 173 728 239 quod
758 183 862 221 erat
890 166 1021 239 apud
1048 165 1169 216 DE
1179 166 1328 215 vM
1341 202 1355 225 ‚
1396 163 1460 223 Εἴ
1482 161 1718 216 DEvs
1736 178 1840 215 erat
1872 158 2095 230 Wrbumj

255 268 293 299 c.
317 267 352 299 J.
380 266 431 298 v.
453 265 487 296 J.
507 250 536 294 ‚P
569 243 742 294 Verum
767 241 878 290 cum
900 244 949 287 in
973 253 1072 286 uno
1089 237 1180 284 hoc
1204 228 1345 287 Verbo
1365 236 1688 297 Mysteriorum
1717 239 1860 286 finem
1884 240 2092 286 invenire

254 314 604 381 haudquaquam
629 312 767 376 poffet
787 345 803 369 ‚
845 310 1059 358 abstinuit
1087 308 1316 354 calamum
1336 340 1350 363 ,
1395 302 1581 352 candide
1608 306 1821 369 profeffus
1840 332 1858 365 -,
1893 307 1927 354 si
1960 307 2094 356 Liber

255 391 372 437 foret
395 385 592 434 Mundus
607 418 619 439 ‚
648 397 803 444 capere
822 384 963 428 DEU
980 383 1028 426 M
1052 391 1152 424 non
1173 376 1312 438 poss‘e,
1348 390 1487 438 quem
1509 389 1667 422 tamen
1689 372 1770 422 Tu
1802 380 1948 442 Virgo
1976 393 2093 425 con:-

255 455 403 520 cipere
424 449 717 502 immaculate
739 463 958 510 concepta
981 445 1197 493 meruisti.
1290 449 1343 491 In
1363 440 1462 491 ‘Tm'
1488 442 1695 506 praetere'a
1717 444 2092 503 aestimationem,

254 543 304 576 ac
328 520 628 589 dignissimam
649 516 783 567 Lz'hrz'
806 517 1059 567 Censuram
1083 514 1332 576 Dionyfius
1355 509 1476 561 certe
1500 513 1742 576 discipulus
1762 530 1861 561 non
1887 514 2091 565 multum

254 593 368 644 infra
387 598 613 663 Joannem
636 589 900 653 magistrum
919 588 1005 634 fuit
1022 610 1034 641 5
1061 588 1141 634 vix
1161 587 1288 632 enim
1308 585 1468 631 oculus
1488 586 1769 648 Areopagitae
1796 583 1926 646 hujus
1947 577 2093 647 inspea

255 679 381 713 xerat
402 658 487 719 Te,
506 663 780 724 Virgineum
800 658 1024 705 volumen
1037 688 1052 708 ‚
1078 662 1125 702 &
1145 657 1290 716 impar
1307 652 1396 710 sui,
1427 650 1534 700 cum
1553 667 1759 701 cerneret
1772 686 1793 715 ³.
1822 653 2094 702 characteres

255 734 337 782 esse
357 734 580 782 Divinos,
617 725 730 791 pene
754 728 920 792 legiffet
942 731 1116 781 DEuM‚
1139 723 1222 770 nifi
1244 722 1512 786 conspicilio
1536 724 1656 770 Fidei
1681 724 1878 787 adetus‚
1915 738 2093 788 cogno=

255 803 406 859 visset,
443 799 524 847 effe
557 803 740 846 DEuM
767 796 1029 845 Authorem
1058 792 1189 857 hujus
1215 792 1372 851 Libri,
1404 791 1660 842 Censorem
1679 825 1694 850 ,
1746 801 1793 840 &
1820 797 2091 844 Patronumc

254 871 409 923 Verbo
421 904 436 928 ‚
456 870 597 933 qualis
623 870 803 916 futurus
824 866 925 914 effes
946 863 1104 912 Liber?
1128 857 1402 929 Beatisfima
1421 860 1678 909 Remorum
1704 859 1972 926 Parentum
1981 873 2091 930 pro-

252 938 343 992 les!
376 940 491 987 dum
510 940 823 1000 concipereris,
838 952 886 984 ac
913 930 1159 996 antequam
1180 931 1307 988 esseS‚
1334 933 1469 993 ijdem
1488 934 1627 979 etiam
1655 937 1862 981 Parentes
1887 926 1986 983 ‘Tus‘
2009 933 2092 982 don

253 1024 473 1067 metunt,
508 1008 715 1077 Joachim
738 1002 1136 1074 Praeparationem
1159 999 1380 1055 Domini,
1405 1006 1544 1050 Anna
1567 999 1794 1051 Gratiam
1812 1003 1981 1052 locuta.

353 1152 469 1213 Qae
492 1151 652 1197 omnia
673 1141 782 1196 cum
799 1149 859 1194 ita
876 1141 988 1203 sint,
1029 1144 1213 1210 dignare
1235 1156 1310 1190 me
1328 1152 1513 1207 quoque
1539 1136 1716 1191 laudare
1739 1133 1807 1190 ‘R’
1833 1133 1980 1214 Virgo
1986 1138 2091 1212 sine

252 1214 380 1268 labe!
404 1236 481 1282 per
507 1218 785 1284 Conceptum
812 1217 938 1263 hunc
970 1208 1426 1282 Chronographicum
1444 1247 1457 1270 ‚
1501 1212 1739 1260 occasione
1772 1215 1926 1262 Saeculi
1948 1214 2090 1262 nostri

252 1288 429 1351 septimi
448 1289 697 1338 udalricani
723 1285 1058 1347 compositum,
1093 1300 1143 1331 ac
1162 1283 1456 1346 septingentis
1479 1282 1898 1347 Chronographicis
1925 1286 1974 1330 in
1993 1285 2089 1332 lau⁶

251 1359 327 1406 des
347 1351 482 1406 Tuas
503 1357 798 1404 instruetum:
837 1355 889 1402 ad
914 1354 1239 1403 confundenda
1266 1350 1521 1410 nimirum,
1556 1368 1615 1400 ex
1643 1351 1813 1414 septem
1837 1345 2090 1414 Capitibus,

231 1424 412 1498 stptem
434 1428 509 1474 illa
532 1430 668 1488 impia
689 1422 929 1473 Dracmis
948 1421 1136 1493 magni,
1173 1417 1290 1490 rufi,
1323 1419 1501 1488 capita,
1534 1427 1682 1484 Apoc.
1709 1438 1747 1469 c.
1772 1438 1841 1469 12.
1863 1439 1908 1470 v.
1937 1437 1970 1480 3.
1995 1426 2090 1470 ori-

250 1500 431 1563 ginariae
452 1498 737 1543 immunitati
760 1489 867 1543 Tua
900 1496 1140 1541 temerario
1162 1491 1270 1540 ausu
1290 1491 1554 1539 insidiantia.
1639 1489 1863 1560 Dz'gnare
1884 1508 1984 1545 me,
2018 1496 2088 1540 ina

248 1580 416 1631 quam,
453 1561 650 1614 laudare
679 1565 746 1611 TE
765 1597 779 1620 ,
815 1566 892 1626 qui
913 1579 1012 1611 non
1037 1561 1329 1626 septingentis
1359 1558 1570 1618 tantum,
1605 1558 1678 1608 sed
1704 1558 1868 1609 millies
1888 1564 2088 1611 millenis

247 1641 461 1687 Maternae
484 1637 640 1698 pietati
658 1632 683 1681 ὲ
707 1632 777 1681 Te
796 1632 911 1680 mihi
933 1631 1143 1693 impensae
1166 1633 1331 1688 titulis,
1351 1627 1734 1678 obstriE'tiffimum
1753 1647 1828 1678 me
1850 1634 2087 1680 Clientem

244 1708 484 1771 profiteor3
519 1703 743 1767 Qamvis
768 1706 895 1749 enim
916 1701 1035 1749 haud
1064 1704 1276 1764 ignorem
1295 1734 1311 1757 ,
1346 1701 1479 1747 nullo
1502 1699 1751 1747 verborum
1774 1705 1994 1748 encomio
2017 1698 2088 1749 Ἷῖ

247 1777 554 1824 condecenter
573 1779 620 1820 in
641 1773 731 1820 hoc
751 1769 939 1833 Operea
959 1786 1034 1819 me
1058 1770 1358 1827 laudandam,
1385 1785 1436 1816 ac
1461 1769 1791 1827 illustrandam,
1817 1769 1994 1818 tametsi
2016 1785 2087 1819 to.

247 1848 392 1894 tidem
419 1860 523 1892 tum
545 1849 680 1892 Sacrae
712 1845 969 1903 Scriptum,
1007 1844 1278 1889 Sanctorum
1304 1844 1490 1886 Patrum
1509 1873 1524 1896 ‚
1567 1855 1618 1886 ac
1653 1842 1912 1887 Rationum
1931 1876 1944 1897 ,
1984 1856 2088 1890 tum

246 1920 385 1965 etiam
408 1915 708 1962 Historiarum
723 1947 737 1970 ,
767 1909 1097 1972 Symbolorum
1114 1943 1129 1966 ,
1163 1912 1508 1971 Antiquitatum
1530 1941 1546 1966 ‚
1589 1924 1640 1955 ac
1664 1913 2085 1972 Anagrammatum

244 1985 459 2050 suffragiis
481 1984 527 2031 id
549 1981 720 2031 efficere
740 1995 928 2028 conatus
948 1981 1079 2027 fuero
1102 1996 1115 2026 t
1151 1982 1255 2042 quia
1284 1975 1507 2026 nimirum
1533 1976 1631 2026 to‘ta
1652 1980 1830 2026 Divino
1850 1981 1953 2027 Sole
1974 1986 2089 2027 amia

245 2060 336 2112 eta,
371 2058 514 2102 unico
528 2055 614 2100 illo
634 2046 796 2107 Wrbo,
825 2050 949 2113 quod
968 2049 1093 2098 Caro
1112 2052 1161 2096 in
1182 2049 1249 2096 TE
1254 2045 1451 2117 fac't'um
1468 2043 1552 2114 cst,
1583 2047 1793 2101 laudaris,
1828 2065 1878 2096 ac
1899 2050 2089 2098 illustraa

245 2129 303 2174 ris
323 2124 445 2180 satis;
468 2137 699 2173 attamen,
734 2118 1129 2183 quemadmodum
1149 2116 1205 2166 eo
1225 2116 1495 2181 plerumque
1519 2117 1662 2165 redire
1682 2119 1890 2166 videmus
1914 2121 2088 2167 Flumi-⁴

246 2211 326 2253 na,
347 2194 469 2242 unde
495 2193 623 2241 suam
641 2192 715 2238 illa
732 2204 968 2237 traxerunt
990 2193 1244 2254 originem:
1275 2191 1334 2236 ita
1361 2187 1615 2254 Conceptus
1634 2190 1773 2235 etiam
1794 2203 1923 2236 meus
1943 2185 2086 2237 Chro-

245 2259 574 2334 nographicus,
611 2258 907 2325 quantumvis
930 2264 1120 2325 exiguus
1139 2293 1154 2316 ‚
1193 2257 1488 2320 laudibusque
1511 2250 1628 2305 Tibi
1649 2256 1808 2305 debitis
1823 2273 1902 2319 per
1924 2262 2084 2306 omnia

245 2337 416 2396 impar,
448 2333 502 2380 de
536 2331 717 2380 sublimi
739 2345 893 2378 tamen
925 2326 1263 2378 immuniffimae
1287 2325 1396 2376 ‘Tua
1425 2330 1759 2389 Conceptionis
1791 2324 2083 2392 praerogativa

242 2403 488 2466 specialiter
506 2402 758 2458 institutus,
794 2415 893 2447 non
915 2402 1068 2453 alteri,
1103 2396 1242 2463 quam
1265 2395 1371 2446 ‘Tuo
1404 2395 1533 2459 ipfius
1561 2397 1860 2445 immaculato
1879 2401 2082 2445 Nomini

242 2475 437 2529 dicatus,
471 2469 846 2533 consecratusque
871 2469 925 2517 ad
961 2459 1032 2517 ‘Te
1061 2470 1201 2518 redire
1236 2484 1337 2516 non
1366 2480 1547 2515 veretur
1569 2495 1583 2524 ,
1624 2463 1674 2514 ea
1707 2468 1866 2529 plenus
1894 2465 2082 2526 fiducia,

241 2541 367 2607 quod
393 2559 488 2590 non
517 2557 612 2590 tam
642 2544 703 2589 rei
729 2539 889 2587 oblatae
917 2543 1145 2602 pretium,
1195 2537 1334 2603 quam
1368 2537 1552 2584 filialem
1581 2536 1814 2585 offerentis
1843 2536 2078 2595 affatum,

241 2611 597 2675 promptumque
618 2613 811 2661 Clientis
837 2611 1075 2667 animum,
1109 2606 1313 2656 Materna
1339 2605 1619 2671 benignitate
1645 2606 1697 2655 fis
1717 2605 1984 2670 respestura3
2006 2611 2078 2655 Sa-

241 2680 297 2729 tls
319 2698 521 2746 namque
542 2681 614 2729 dat
628 2715 642 2738 ‚
668 2683 748 2744 qui
762 2679 859 2732 dat,
884 2693 1112 2742 quantum
1130 2678 1234 2727 dare
1249 2677 1394 2742 potest
1401 2710 1417 2739 ,
1440 2676 1557 2727 nihil
1578 2675 1660 2727 fibi
1677 2676 1943 2727 reservando
1950 2712 1965 2738 ,
1978 2672 2078 2725 imo

240 2750 533 2816 semetipsum
549 2765 706 2799 totum
725 2748 954 2797 donando⁶

344 2889 550 2940 Obsecro
570 2899 752 2949 autem,
790 2881 933 2961 Virgo
953 2886 1095 2938 Beati
1127 2904 1250 2949 lma,
1283 2879 1489 2960 ‘Regina
1511 2882 1851 2938 immaculata!
1879 2886 2075 2951 digneris

240 2960 355 3008 mihi
374 2959 554 3009 affistere
579 2958 716 3025 gratia
735 2956 798 3009 T
783 2954 864 3014 ud,
888 2970 936 3008 &
953 2959 1064 3007 ficut
1100 2958 1478 3021 plendidiffimum'
1501 2960 1612 3008 Solis
1637 2956 1785 3023 jubar,
1808 2960 1857 3004 in
1875 2959 1967 3004 ima
1984 2953 2074 3003 sese

238 3029 392 3094 stagna
411 3032 652 3078 demittens
672 3064 688 3084 ‚
735 3027 908 3093 recepta
929 3028 1099 3077 ibidem
1119 3027 1422 3092 pulcherrima
1449 3025 1525 3077 sua
1546 3032 1746 3093 imagine
1761 3059 1775 3084 ,
1812 3027 2074 3074 illuminare

240 3100 339 3160 illa,
359 3117 409 3150 ac
427 3100 642 3150 illustrare
661 3114 761 3147 non
782 3101 1066 3156 intermittit;
1088 3098 1148 3148 fic
1173 3094 1422 3173 clariffima
1441 3094 1683 3168 Majestas
1703 3095 1841 3156 Tua,
1864 3090 1962 3146 Sole
1981 3092 2074 3143 cir-

1943 3181 2076 3214 cum-
