2159 3508
164 214 227 258 vssqss

166 575 248 607 «45.

123 752 217 784 calar.
224 763 274 792 qq.

123 804 149 824 v.
161 803 188 830 4.

118 2470 265 2508 {imm-85.

295 220 333 261 de
353 219 439 262 terrlt'
457 217 580 259 creavit
599 212 784 257 medicinam
806 244 817 262 ,
853 215 892 255 id
917 214 992 259 est,
1027 226 1075 253 ex

294 293 408 319 carne
420 278 641 333 VirginisM
652 289 676 314 Α
687 289 713 314 R
728 290 741 314 1
757 288 792 313 ΛΕ
821 272 1074 316 Salvatorem5

295 339 323 387 J
338 339 371 376 E
381 340 406 374 S
414 341 445 374 ῑῑ
458 340 482 373 S
501 337 607 373 enim
628 336 894 388 interpretatur
912 330 1075 373 salvator,

296 395 367 436 five
390 391 534 432 salutare
554 409 564 438 3
596 393 684 445 quia
706 388 875 430 Salvator
907 387 1077 431 ‘Medicam

298 458 338 493 δε
360 449 524 491 Salutate
563 447 712 488 medicina
735 446 798 486 est.
831 460 897 502 per
918 447 1052 485 verram
1065 471 1077 489 ,

298 511 476 550 MARIAM
496 505 687 561 intellige,
715 504 763 544 fic
784 507 889 544 enim
901 502 1013 545 verba
1023 500 1079 543 so-

298 579 394 606 nant
414 563 510 604 Isaiae
532 582 544 607 ι
569 564 745 620 Aperiaetur
761 577 848 602 terra
863 590 876 607 ,
905 571 943 603 (9⁶
957 561 1078 617 germi-

297 637 349 664 net
381 623 614 663 Salvatorem!
640 620 747 675 quod
775 634 903 660 autem
925 619 999 659 hac
1030 634 1077 659 ex

299 680 393 721 terra·
407 694 549 721 creatus
566 679 607 718 fit
626 705 636 720 ‚
660 678 762 719 testis
783 677 836 718 est
852 677 1075 733 Apostolus,

298 739 448 783 dicens,
479 752 569 779 eum
590 737 720 775 Faaeum
731 752 772 774 ex
788 736 924 775 muliere.
989 737 1077 775 Me·-

296 797 513 837 dicamenta
536 808 650 850 ergo,
681 809 725 833 ac
746 793 967 849 pharmaca,
993 796 1075 846 qui-

293 854 360 894 bus
394 852 567 895 Coelestis
586 852 648 892 ille
678 852 852 892 Medicus
868 850 1041 891 utebatur
1058 879 1070 896 ‚

292 911 537 953 Sacratiffima
551 911 626 963 ejus
642 923 721 950 erat
740 909 852 966 passio
864 938 874 955 ‚
906 908 1051 964 sanguis
1060 937 1072 954 ,

291 970 470 1016 vulnera,
500 968 549 1010 fic
574 971 679 1008 enim
691 972 983 1019 cantat.Joann.
996 970 1072 1008 Au-

291 1027 430 1068 denus:
453 1054 468 1077 «³

349 1106 530 1147 Pharmaca
545 1103 623 1159 fimt
634 1101 740 1158 potitis
759 1129 771 1147 ,
800 1100 895 1157 qzct‘cm
914 1101 1072 1149 vidnera,

461 1163 600 1202 Ixiclnera
619 1162 763 1213 Cri-'RIS
766 1160 823 1199 TI
825 1174 838 1203 5

407 1240 503 1277 Curat
522 1236 605 1276 enim
625 1235 728 1292 plagis
739 1235 877 1276 vulnera
890 1233 990 1286 nostra
989 1231 1072 1287 fitis.

288 1318 413 1368 Atque
429 1342 441 1359 ,
471 1327 512 1353 ut
534 1312 611 1352 hoc
635 1312 922 1352 medicamento
936 1326 1071 1351 omnes

291 1373 466 1413 liberaret
480 1399 490 1417 ‚
528 1368 690 1425 artisque
729 1370 889 1411 medicae'
926 1372 1071 1425 experi-

289 1444 491 1474 mentum,
517 1441 600 1468 tum
621 1428 710 1485 post,
749 1441 832 1468 tum
852 1441 926 1466 ante
941 1427 1072 1483 languo-

287 1504 374 1533 rem,
402 1501 484 1527 turn
498 1485 689 1526 aetualiter
710 1513 721 1529 ,
749 1498 832 1525 tum
848 1483 1072 1540 praeservati-

287 1545 334 1588 νὲ
347 1543 572 1586 redimendo
583 1548 598 1589 ,’
623 1546 667 1584 ac
679 1541 879 1583 liberando
897 1541 1078 1598 perhibe:

289 1615 368 1650 ret,
395 1600 485 1643 licet
504 1601 583 1654 alijs
599 1600 800 1646 omnibus,
829 1604 869 1640 in
878 1599 1072 1656 originalis

289 1659 450 1702 maculae
463 1659 726 1699 infirmitatem
734 1657 912 1714 prolapsis
926 1686 937 1703 ,
968 1658 1071 1713 passi-

286 1722 373 1760 onis
386 1720 595 1758 curativum
614 1714 811 1771 applicarit
832 1714 1046 1755 remedium
1057 1741 1071 1759 ,

287 1780 443 1817 MAMAE
454 1787 586 1817 tamen
605 1772 693 1819 soli,
715 1786 805 1814 ante
816 1786 978 1813 omnem
989 1772 1071 1814 lan-

286 1848 447 1890 guorem
457 1861 468 1878 ,
498 1830 796 1888 praeservativum
812 1830 982 1885 ejusdem
993 1830 1071 1887 pas-

286 1893 398 1933 sionis
414 1889 596 1947 poculum
620 1892 822 1945 propinare
843 1888 964 1930 voluit
984 1915 996 1932 ,
1029 1903 1071 1930 ut

288 1949 377 1990 esset
388 1949 442 1989 illi
459 1947 613 2000 medicina
631 1948 652 1985 a*
683 1947 754 2003 casia
776 1946 995 2003 praesefflvans:
1022 1947 1072 1987 sic

286 2006 470 2048 sentiente
480 2004 664 2049 Ecclesia,
684 2020 728 2045 ac
749 2019 930 2045 canentez
961 2005 1072 2061 quiex

286 2080 385 2105 morte
400 2065 485 2117 Filij
499 2062 694 2119 tuipraewisd'
702 2092 711 2108 ‚
746 2079 817 2102 eam
832 2062 874 2101 ab
896 2064 981 2102 omn?
998 2062 1069 2103 labe

280 2122 482 2180 praesbrwisti.
521 2122 614 2161 Hoc
629 2135 755 2161 autem
770 2119 1071 2176 praeservativum

286 2180 428 2222 Christi
440 2179 672 2224 remedium,
701 2181 748 2219 M
764 2194 789 2218 A
799 2193 846 2218 Μ
859 2193 892 2218 AE
904 2177 1070 2234 applica-

286 2252 369 2279 tum
382 2267 391 2283 ,
421 2251 551 2279 veram
564 2235 666 2276 fuisse
680 2265 692 2282 ,
720 2251 764 2276 ac
777 2236 853 2277 dici
865 2235 965 2292 posse
975 2235 1069 2277 hbe-

287 2299 476 2336 rationem
489 2324 499 2340 ,
528 2293 586 2334 stu
612 2294 938 2350 Redemptionem
950 2322 960 2341 ,
991 2294 1068 2335 cla-

285 2368 326 2393 ra
341 2353 492 2393 testatur
504 2352 700 2408 Augustini
715 2351 916 2392 sententia:
941 2353 1037 2407 Reb‘se*
1055 2381 1066 2398 ,

286 2414 412 2466 inquit
426 2410 489 2450 ille
506 2438 517 2455 ,
546 2410 626 2448 dices
637 2408 750 2449 medico
773 2410 930 2460 (oblato
952 2413 1067 2451 nimi-

287 2473 371 2509 rum
400 2468 468 2509 tali
485 2468 678 2516 remedio)
712 2467 844 2521 liberasti
863 2485 910 2508 me
924 2468 964 2509 ab
978 2469 1067 2524 aegri-

286 2528 414 2571 tudine,
440 2542 502 2566 non
512 2526 545 2564 in
560 2525 623 2582 qud*
638 2541 745 2572 eram,
787 2525 827 2565 ed
843 2527 876 2564 in
903 2525 1068 2582 qudfutu-

287 2601 343 2625 rus
356 2600 455 2630 eram,
467 2592 532 2627 &a
563 2582 696 2625 &sane
706 2609 718 2626 ‚
741 2582 905 2625 nobilius
916 2584 991 2625 hoc
1002 2598 1067 2641 ge-

288 2659 357 2683 nus
375 2643 647 2697 redemptionis
657 2640 711 2681 est
721 2666 733 2684 2
764 2647 804 2683 δέ
815 2641 1066 2684 liberationis:

285 2704 486 2757 praecaveri
508 2698 648 2740 scilicet
672 2697 827 2745 vulnus,
856 2699 1067 2755 praefidioc‘p

287 2759 413 2799 securo
425 2760 641 2815 praemuniri
656 2785 667 2803 ‚
687 2755 805 2811 quam
816 2771 976 2812 accepto
986 2758 1067 2799 vul-

287 2831 377 2856 nere
396 2817 559 2857 saucium
573 2844 584 2860 ‚
615 2814 774 2856 tandem
790 2814 955 2855 obducffbi
968 2818 1066 2857 cica-

287 2877 378 2914 trice
389 2874 527 2915 sanari:
559 2873 606 2914 fic
617 2875 768 2926 majoris
779 2876 894 2914 etiam
906 2902 917 2919 ,
938 2887 981 2913 ac
996 2888 1069 2930 po->

287 2935 458 2972 tentioris
469 2934 612 2989 gratiae,
648 2932 697 2972 ab
716 2934 834 2972 exitio
848 2931 979 2972 servari
1006 2935 1066 2973 in·

286 2987 480 3029 columem
499 3019 510 3035 ‚
539 2996 578 3031 ὃς
594 2992 793 3030 communi
812 2992 1066 3031 internecioni

283 3046 448 3084 mirificis
460 3047 657 3103 privilegijs
667 3047 848 3093 subtrahi,
870 3046 985 3102 quam
995 3061 1062 3104 per

691 119 784 179 De
804 115 1091 196 Concepta
1112 112 1264 174 Sacra
1283 108 1532 190 Deiparfi.

1123 206 1290 248 resanati.
1350 207 1589 247 Felicissimus
1609 200 1870 248 ille'omnium
1894 229 1905 253 ³

1124 269 1188 320 qui
1210 265 1358 305 nullum
1378 266 1559 320 gaudium
1582 263 1750 304 hostibus
1773 265 1903 322 dedit,

1125 322 1228 363 nulla
1249 322 1397 363 adustus
1418 321 1576 362 scintilla
1591 350 1602 367 ‚
1640 320 1803 362 flammae
1823 337 1906 363 non

1127 380 1232 421 sensit
1250 380 1448 436 vestigium
1463 408 1474 426 ,
1506 379 1570 420 ubi
1605 394 1740 418 omnes
1765 379 1906 433 alijflaa

1125 437 1250 495 granti
1270 438 1452 479 incendio
1474 436 1556 477 sunt
1594 439 1744 492 penitus
1776 438 1903 478 exusti,

1126 499 1186 536 An
1204 511 1284 536 non
1295 499 1430 552 ingens
1441 495 1669 535 beneficium
1680 524 1691 540 ,
1699 494 1830 543 ⁴alieno
1841 509 1905 550 pe·

1127 554 1245 594 riculo
1255 583 1265 600 ,
1277 552 1454 610 sanguine
1465 582 1475 599 ,
1495 559 1535 594 ὅτ.
1546 552 1633 598 vita,
1644 553 1778 592 redimi
1790 551 1903 598 suam,

1124 627 1173 652 ne
1184 611 1262 652 ullo
1273 611 1441 667 periculo
1453 613 1665 666 praetentari
1674 610 1792 665 “possit
1812 622 1822 649 .>
1838 613 1904 650 At-

1125 685 1198 723 que
1207 670 1253 709 sic
1263 699 1282 715 „
1304 669 1473 710 adhibita
1484 682 1571 708 ante
1585 667 1811 724 languorem
1822 682 1903 707 rne-

1124 727 1273 773 dicinss„
1302 728 1500 783 redempta
1521 726 1591 766 fuit
1610 730 1731 781 Virgo
1743 725 1904 765 Beatissi-

1123 799 1197 825 ma.
1223 783 1328 831 imo,
1350 799 1391 825 ut
1401 784 1649 825 Bernardinus
1664 787 1746 824 Seu.
1757 782 1900 823 scribit:

1123 843 1254 894 Christm
1271 845 1307 882 D
1316 848 1341 882 0
1352 845 1435 882 Ml
1439 845 1487 881 N
1493 851 1526 881 Π
1531 847 1555 881 S
1570 842 1646 898 plu
1660 853 1720 897 pro
1736 844 1775 880 B.
1788 842 1898 897 Virgi-

1121 915 1159 939 ne
1170 899 1350 939 redimenda?
1357 901 1447 940 venit
1454 929 1464 946 ‚
1493 900 1586 956 qudm
1590 912 1650 956 pro
1665 899 1750 946 omni*
1758 897 1824 947 alic?
1832 916 1899 939 cre—

1120 957 1223 997 aturd'.
1254 960 1307 998 ita
1317 958 1471 1012 quidem
1482 985 1491 1002 ,
1512 971 1552 997 ut
1559 957 1665 1010 hujus
1675 957 1900 1013 redemptio,

1120 1014 1567 1070 longiffimointervallo,
1595 1014 1660 1055 illa
1673 1015 1813 1056 Adami
1844 1030 1900 1056 re-

1123 1073 1346 1128 demptione
1370 1073 1413 1112 sit
1436 1072 1650 1128 gloriosior,
1678 1071 1823 1127 quanto
1842 1077 1901 1113 ni-

1121 1133 1262 1171 mirum
1279 1131 1472 1186 gloriosius
1485 1130 1557 1173 est,
1587 1145 1782 1184 nunquam
1797 1130 1901 1172 fuisse

1118 1191 1210 1229 DEI
1222 1189 1371 1229 hostem
1383 1217 1393 1234 ,
1419 1187 1537 1242 quam
1548 1187 1650 1228 foeda
1665 1188 1901 1244 prolapsione

1119 1250 1289 1302 peccati,
1315 1260 1450 1287 contra
1466 1248 1505 1286 D
1522 1248 1595 1286 Eu
1606 1248 1652 1286 Μ
1669 1245 1770 1286 bella
1786 1245 1902 1301 geffis-

1118 1304 1163 1344 se.
1212 1308 1314 1346 Sicut
1341 1319 1433 1361 ergo
1452 1304 1617 1345 Adamus
1634 1332 1646 1349 ‚
1681 1304 1822 1345 Christi
1843 1320 1901 1344 re-

1118 1362 1344 1419 demptione
1369 1365 1502 1403 DEO
1532 1362 1818 1408 reconciliatus,
1851 1361 1901 1402 ab

1120 1419 1261 1460 aeterna
1274 1433 1398 1460 morte
1407 1420 1478 1460 fuit
1494 1419 1687 1461 liberatus:
1716 1421 1765 1460 fic
1780 1424 1901 1476 Virgo

1120 1478 1327 1518 Beatiffima
1342 1506 1353 1523 ‚
1366 1478 1499 1531 ijsdem
1515 1476 1653 1519 Christi
1665 1481 1827 1524 meritis,
1849 1478 1898 1518 ab

1118 1533 1314 1590 originali*-
1331 1549 1523 1591 peccato,
1546 1534 1704 1590 *ejusc'lue
1731 1535 1864 1576 debito
1883 1563 1895 1582 ‚

1119 1593 1396 1648 redemptivam
1406 1622 1416 1638 ,
1445 1608 1489 1633 ac
1504 1592 1662 1633 liberam
1673 1596 1897 1634 immunita·

1118 1663 1198 1690 tem
1222 1653 1262 1690 in
1285 1652 1436 1690 tantum
1466 1650 1519 1690 est
1533 1650 1742 1696 consecuta,
1763 1664 1803 1691 ut
1813 1665 1897 1692 non

1118 1707 1230 1747 fuerit
1242 1710 1351 1763 Ρειξὶο
1365 1707 1503 1748 Adami
1515 1707 1787 1764 comprehensa
1797 1737 1810 1754 ,
1832 1708 1896 1749 sed

1118 1765 1414 1820 praeservativam
1435 1765 1629 1820 puriffimae
1662 1768 1897 1807 innocentiae

1119 1822 1288 1863 tabulam
1300 1823 1342 1863 fit
1360 1822 1499 1864 sortita.
1557 1826 1654 1879 Qs
1671 1838 1752 1864 non
1783 1827 1896 1864 mire-

1120 1895 1179 1921 tur
1189 1910 1199 1927 ,
1232 1880 1511 1922 saluberrimum
1523 1881 1600 1922 hoc
1612 1881 1785 1923 Coelestis
1806 1885 1892 1922 Me-

1120 1940 1195 1979 dici
1215 1939 1464 1981 adinventum
1485 1951 1497 1979 ?
1526 1941 1608 1994 quis
1627 1954 1709 1980 non
1728 1939 1894 1981 celebret

1120 1996 1251 2037 nobile
1271 1997 1544 2053 redemptionis
1564 2012 1658 2053 opus
1678 2026 1688 2042 ,
1718 2013 1760 2038 ac
1772 1998 1894 2054 fingu-

1119 2053 1194 2095 lare
1208 2054 1392 2096 liberandi
1415 2070 1551 2111 genus:
1581 2058 1750 2097 invenire
1769 2059 1891 2102 viam,

1118 2118 1157 2153 ἓξ
1176 2114 1370 2153 decretum
1392 2112 1550 2154 statuere
1566 2142 1578 2159 ‚
1605 2127 1646 2153 ut
1669 2113 1744 2153 filia
1755 2114 1894 2154 Adami

1118 2185 1198 2210 non
1212 2170 1330 2226 posset
1341 2171 1498 2216 traduci,
1514 2184 1698 2225 tanquam
1709 2171 1783 2212 filia
1793 2173 1893 2213 Ada-

1117 2243 1170 2267 mi
1196 2233 1403 2285 peccatoris
1420 2258 1431 2275 ,
1460 2244 1543 2284 quae
1565 2244 1613 2269 ex
1637 2243 1777 2269 naturae
1799 2245 1893 2270 con-

1117 2286 1263 2328 ditione
1283 2287 1479 2343 potuisset‚
1508 2302 1553 2328 ac
1572 2286 1894 2328 debuissetvtradu-

1116 2347 1172 2390 ci,
1200 2345 1324 2386 &sine
1343 2344 1435 2402 legis
1463 2344 1671 2386 violatione
1686 2374 1698 2391 ,
1733 2349 1772 2385 in
1785 2348 1893 2386 unius

1115 2401 1137 2441 ὲ
1155 2402 1237 2445 casu
1277 2403 1542 2460 praeservandae
1583 2406 1749 2459 Virginis
1787 2402 1894 2446 favo-

1112 2474 1213 2505 rem,
1243 2459 1266 2501 a
1284 2460 1376 2518 legis
1398 2474 1588 2518 praecepto
1619 2462 1810 2502 instituere
1830 2477 1894 2502 ex-

1113 2522 1334 2574 ceptionem
1363 2533 1374 2560 ?
1402 2521 1505 2560 Huic
1517 2534 1608 2575 ergo
1623 2522 1771 2574 Virgini
1797 2533 1891 2560 una-

1115 2579 1268 2617 nimiter
1280 2577 1508 2633 gratulemur
1525 2582 1533 2617 !
1560 2576 1609 2618 ab
1620 2577 1693 2618 hac
1705 2583 1745 2618 ὃς
1759 2575 1892 2632 langu-

1113 2633 1239 2674 oribus
1248 2635 1382 2676 nostris
1400 2636 1634 2676 medicinam
1652 2632 1892 2674 mutuemus!

1115 2691 1359 2733 adhibeamus
1381 2693 1613 2733 medicinam
1627 2694 1863 2749 poenitentiae
1877 2719 1890 2738 ,

1114 2750 1254 2790 casibus
1272 2754 1483 2805 praeteritis:
1511 2749 1755 2791 adhibeamus
1773 2753 1891 2791 etiam

1113 2808 1348 2849 medicinam
1366 2806 1477 2848 acasu
1489 2807 1801 2864 praestervativam,
1824 2822 1891 2864 per

1114 2864 1313 2920 specialem
1337 2869 1503 2922 Virginis
1524 2865 1777 2907 immaculatae
1797 2865 1892 2906 dile·

1114 2926 1300 2964 &ionem!
1325 2923 1418 2964 testa
1429 2928 1532 2965 enim
1543 2923 1596 2965 est
1617 2927 1786 2969 Minui,
1807 2938 1891 2977 quae

1114 2981 1303 3029 nostram,
1333 2997 1402 3022 ceu
1432 2982 1520 3033 Jobi
1539 3007 1551 3026 ‚
1580 2981 1721 3023 saniem
1761 2981 1888 3021 radet:

1112 3039 1306 3081 medicum
1316 3039 1366 3080 fel
1383 3039 1435 3080 est
1451 3071 1460 3086 ‚
1481 3039 1586 3095 quod
1599 3039 1797 3081 oculorum
1808 3040 1884 3078 aci·-

284 3116 491 3142 commune
507 3103 621 3144 scelus
642 3105 849 3161 aliquando
871 3108 1061 3147 contami·
1107 3112 1169 3138 em
1184 3123 1195 3142 z
1222 3112 1263 3139 ut
1281 3098 1429 3151 Tobiae>
1448 3097 1647 3140 serenabit:
1672 3095 1883 3137 Balsamum

282 3173 434 3207 natum,
464 3161 628 3207 eodem,
656 3177 733 3217 quo
753 3163 841 3218 alij‚
886 3164 1058 3206 remedio
1105 3154 1179 3201 est,
1216 3162 1256 3198 δι
1282 3157 1461 3214 myrrha,
1493 3170 1576 3212 quae
1595 3155 1619 3201 ὲ
1641 3155 1884 3209 corruptione

1783 3209 1855 3250 ser-

1912 832 1992 859 Setm.
2003 830 2037 860 de

1910 873 2043 912 concept,
