2159 3508
116 812 175 873 35
178 807 226 865 8.

128 1510 213 1541 ιη·

146 1812 228 1839 v.16.

261 1738 351 1794 solus
361 1767 373 1785 ,
401 1753 438 1778 ut
452 1753 633 1779 nuntzarem
649 1738 716 1779 tibi.

299 211 1919 241 2-3=========3÷55333335533353333523'

445 238 792 257 ἴῖἷῖῗῗῖ-
829 236 1899 253 ooooooooooooooooooooooo

496 403 647 483 De>
685 395 1060 504 Concepta
1101 393 1310 474 Sacra
1355 393 1689 501 Deipara.

681 548 1283 626 CONCEPTUS
1363 547 1510 617 LII.

486 702 527 753 §0
550 709 587 747 Ι.
635 696 891 768 Scrtpturass

315 807 513 856 CLaDIs
537 807 652 854 ADae
673 809 853 855 NVntIa
870 841 885 865 ‚
922 811 1060 855 eVa·'

535 879 663 924 Dens
690 875 817 925 soLa.

277 958 363 1013 Job.
384 974 417 1000 c.
434 975 459 999 1.
481 975 516 1001 v.
535 975 585 1014 15.
625 960 732 1016 Evafi
751 977 803 1018 ego
804 960 920 1016 filus,
942 973 978 1000 ut
987 975 1069 1001 nun-

332 1019 445 1058 tiarem
455 1017 524 1059 tibi.

279 1101 486 1239 CUm
502 1096 760 1138 infenfiffimus
774 1096 934 1137 humani
950 1111 1067 1153 gene-

436 1160 484 1196 ris
508 1155 647 1200 hostis,
678 1153 857 1195 facultate
880 1154 900 1195 ὲ
924 1157 1065 1196 Numi-

434 1229 484 1255 ne
504 1213 687 1259 obtenta,
717 1212 861 1264 Jobum
881 1243 892 1259 ‚
936 1215 1064 1254 ditiss-

276 1286 386 1313 mum
395 1276 544 1329 pariter,
557 1287 601 1313 ac
613 1271 865 1313 felicissimum
874 1274 1063 1319 Heroem,

275 1329 388 1372 omni
414 1346 461 1371 ex
485 1344 590 1388 parte
606 1360 616 1376 ‚
647 1344 728 1371 tarn
751 1333 792 1370 in
811 1330 915 1385 filijs,
945 1330 1063 1386 quam

275 1392 315 1430 in
330 1389 463 1436 bonis,
494 1388 669 1430 diriffime
681 1392 909 1445 exagitaret,
941 1389 1063 1434 adeo,

275 1461 318 1488 ut
327 1463 421 1488 unus
432 1447 592 1488 alterum
604 1446 882 1502 subsequeretur
895 1452 1063 1494 nuntius,

275 1509 390 1562 primi
406 1521 539 1546 eorum
551 1505 706 1560 sequens
718 1518 796 1546 erat
807 1505 940 1546 relatio
954 1524 961 1546 z
995 1509 1062 1547 230-

274 1578 335 1604 ‘ves
353 1563 494 1604 arabant
512 1593 523 1611 ,
572 1573 611 1606 (9·
628 1564 718 1618 afinae
733 1563 947 1620 pastebantur
959 1567 1062 1620 juxta

273 1638 324 1662 eos
335 1651 346 1668 ‚
377 1623 586 1664 &irruerunt
595 1622 716 1665 sabaei,
731 1622 930 1677 tuleruntq‘ue
944 1624 1060 1669 omnia,

273 1689 313 1723 ύ·
327 1691 443 1736 pueros
458 1680 672 1737 percuffirunt
688 1679 821 1736 gladio,
851 1688 890 1722 &
904 1679 991 1735 evasi
1011 1697 1065 1737 ego

538 1740 544 1745 '
775 1736 939 1779 succeffit
956 1737 1064 1783 alter,

273 1803 314 1839 &
329 1797 426 1838 dixit
445 1814 454 1838 :
493 1798 582 1853 IJgnzis
603 1797 703 1836 DEI
721 1795 831 1836 cecidit
851 1797 867 1835 ὲ
889 1797 965 1837 Coelo
977 1826 988 1843 ,
1025 1805 1064 1840 &⁵

273 1856 371 1896 taam
383 1868 479 1901 oves,
503 1856 679 1912 puerosq‘ue
702 1853 880 1911 confhmpfit
894 1884 904 1901 ,
936 1863 975 1898 ὠ·
986 1855 1064 1911 effle-

270 1913 490 1971 giegofhlus,
522 1927 558 1953 ut
584 1913 843 1953 nuntiaremtibi.
902 1929 975 1954 nec
996 1914 1063 1955 de-

149 1989 234 2017 v.¹7.
273 1973 345 2013 fuit
366 1974 513 2018 tertius,
545 1974 611 2026 qui
626 1971 790 2012 diceret:
825 1970 960 2011 Chaldaez'
972 1973 1062 2027 jece-

271 2045 347 2071 runt
354 2044 419 2070 tres
429 2044 546 2070 turmae
558 2059 570 2076 ‚
597 2037 636 2072 (a
645 2029 832 2085 invaſserant
842 2031 975 2070 camelos
988 2060 999 2076 ,
1022 2039 1061 2074 ἐφ’

271 2089 413 2129 tulerunt
424 2104 473 2128 eos
483 2117 494 2134 ‚
524 2104 579 2128 nec
593 2103 655 2128 non
679 2096 717 2131 &
730 2098 847 2144 pueros
850 2088 1062 2145 percuffirunt

267 2146 377 2204 gladio
390 2176 401 2193 ‚
431 2155 531 2203 &ego
530 2147 607 2203 fugi
607 2147 697 2199 sbluaes
705 2175 716 2193 ,
744 2159 781 2185 uc
797 2148 977 2187 nuntiarem
990 2147 1062 2189 tibi.

273 2205 401 2246 adhuc
417 2220 467 2245 eo
479 2205 682 2260 loquente,
712 2204 879 2246 intrabat
903 2211 1065 2260 &quar-

275 2277 332 2304 tus
343 2293 353 2309 ‚
384 2263 587 2304 infandum
614 2263 674 2304 his
712 2261 835 2306 verbis
874 2278 1064 2307 renovans

152 2331 236 2369 ΜΒ.
273 2321 478 2363 dolorem:
507 2323 610 2378 Fz'lijs
619 2323 708 2367 tuis,
736 2321 915 2377 &filiabzos
936 2324 1064 2379 vescen-

261 2673 351 2728 solus
360 2702 371 2719 ‚
400 2686 437 2712 ut
451 2674 629 2713 nuntiarem
644 2672 716 2717 tibi,

270 2379 377 2426 cibus,
408 2388 447 2423 ὠ·
471 2379 649 2421 bibentibus
666 2381 782 2423 ‘vinum
795 2406 806 2424 ‚
838 2381 871 2420 in
885 2380 975 2421 domo
985 2384 1064 2437 sra-

270 2440 331 2479 tre's
344 2438 393 2493 fici
393 2439 612 2495 primogeniti,
634 2440 885 2497 repentbwentus
895 2440 1063 2481 'vehemens

270 2498 384 2541 irruit,
416 2497 437 2536 a*
449 2498 571 2553 regione
584 2498 695 2553 deserti
716 2526 728 2544 ,
761 2505 800 2541 67·
818 2500 958 2555 concuffit
978 2516 1061 2556 qua-

271 2569 344 2596 tuor
357 2555 490 2612 aengulos
499 2555 610 2596 dom12s
623 2586 633 2602 ‚
663 2572 730 2613 quae
751 2572 897 2597 corruens
922 2559 1061 2614 opprcffit

271 2613 385 2654 liberos
393 2628 463 2654 tuos
475 2642 488 2660 ‚
524 2622 563 2657 (9⁶
577 2616 693 2655 mortui
704 2614 804 2669 fient,
847 2623 885 2657 (ἓν
900 2614 995 2672 efficgi
1005 2633 1058 2673 ego

775 2672 851 2729 ipse
878 2675 1058 2730 praeterea

268 2730 388 2782 Jobus
408 2759 419 2777 ,
450 2730 567 2771 factus
597 2730 727 2788 paullo
765 2730 849 2786 post
878 2736 1058 2774 omnium

269 2788 503 2830 miseriarum
531 2788 664 2846 scopus
678 2819 690 2836 ‚
736 2787 875 2829 horror
912 2794 1057 2831 amico-

270 2861 374 2894 rum,
405 2846 531 2888 liberis
542 2847 712 2895 orbatus,
742 2845 945 2889 substantia
955 2848 1056 2903 deje-

271 2907 348 2945 aus
367 2935 379 2952 ,
409 2905 619 2948 adaemone
635 2909 844 2964 exagitatus
859 2936 870 2953 ,
901 2921 982 2948 non
993 2923 1056 2949 ve-

271 2961 385 3002 stibus
428 2964 643 3011 duntaxat,
674 2965 736 3006 sed
764 2964 915 3021 propria
935 2969 1054 3007 etiam

271 3019 371 3076 pelle
383 3036 513 3062 exutus
528 3052 538 3069 ‚
570 3023 714 3065 foetidis
743 3022 931 3064 ulceribus
956 3024 1057 3066 adeo

270 3078 342 3118 fuit
365 3082 406 3117 in
427 3094 586 3135 corpore
603 3082 786 3127 sulcatus,
817 3096 858 3122 ut
876 3081 1013 3123 elicere
1034 3082 1056 3124 ὲ

267 3133 429 3190 cujusvis
454 3135 665 3192 spectatoris
695 3139 815 3181 oculis
840 3139 1056 3196 lachrymas

268 3192 466 3251 potuissets
496 3195 635 3242 verbo,
652 3198 700 3239 eo
717 3199 975 3255 patientiffimi
990 3205 1056 3252 Jo-

1125 670 1164 711 bi
1177 670 1333 712 devenit
1348 667 1494 710 miseria
1507 697 1517 715 ‚
1548 681 1590 709 ut
1612 667 1721 709 extra
1735 667 1916 709 Civitatis

1124 742 1306 785 portam,
1336 727 1471 784 spurco
1502 726 1696 783 impositus
1729 724 1914 780 sterquili-

1122 790 1190 827 nio
1203 816 1213 832 ,
1243 786 1493 843 gravissimam
1503 788 1621 826 etiam
1633 788 1889 825 tentationem
1899 812 1911 829 ‚

1120 845 1368 898 adjaciendas
1382 848 1422 884 in
1449 845 1609 885 DEUM
1629 843 1726 884 diras
1742 869 1754 887 ,
1785 842 1807 883 a
1823 857 1910 898 pro-

1117 903 1199 959 pria
1210 917 1327 944 uxore
1341 902 1571 948 sustinuerit,
1594 901 1768 943 dicente:
1801 904 1907 941 Bene-

1118 961 1300 1009 dicDEO,
1328 962 1513 1004 &morerel
1544 970 1611 1004 (Tc.

1230 1037 1329 1077 Haec
1354 1037 1470 1094 porro
1499 1041 1634 1080 omnia
1655 1038 1903 1095 originariam

1116 1091 1227 1134 solius
1237 1097 1415 1152 Deiparae
1436 1100 1639 1153 puritatem
1660 1111 1743 1137 non
1765 1100 1904 1136 incon·

1114 1150 1205 1208 grue
1237 1153 1488 1202 adumbrant5
1519 1154 1773 1195 cacodaemon
1793 1167 1904 1194 narn-

1113 1225 1207 1264 que,
1235 1226 1341 1254 vetus
1352 1212 1416 1254 ille
1436 1212 1567 1270 praedo
1581 1242 1593 1260 ‚
1624 1228 1669 1254 ac
1694 1211 1793 1253 latro
1807 1215 1906 1252 Tar-

1113 1280 1257 1317 tareus,
1287 1274 1378 1312 cum
1395 1301 1406 1318 ‚
1438 1273 1614 1312 Numine
1636 1275 1903 1328 permittente,

1113 1325 1328 1370 humanum
1338 1345 1457 1387 genus
1467 1360 1479 1376 ‚
1509 1333 1552 1371 in
1567 1329 1714 1371 summa.
1739 1343 1832 1371 tunc
1847 1327 1904 1368 fe-

1114 1384 1259 1427 licitate
1269 1388 1521 1430 constitutum
1531 1417 1543 1435 ,
1572 1390 1708 1443 junctis
1720 1391 1802 1428 orci
1816 1388 1904 1429 viri-

1114 1442 1182 1483 bus
1202 1473 1213 1490 ,
1244 1445 1431 1502 aggressus
1453 1445 1575 1487 fuisset
1596 1476 1608 1493 ‚
1636 1461 1681 1487 ac
1709 1445 1904 1502 triplicem

1111 1504 1152 1541 in
1168 1517 1335 1544 cuneum
1346 1519 1504 1561 peccata
1521 1505 1733 1547 dividendo
1745 1531 1755 1548 ‚
1785 1508 1827 1544 in
1839 1518 1904 1545 ve-

1111 1560 1229 1602 nialia
1247 1565 1431 1604 nimirum
1447 1590 1459 1607 ‚
1487 1562 1685 1606 mortalia,
1718 1569 1758 1605 &
1786 1565 1903 1618 origi-

1111 1617 1219 1665 nale,
1251 1624 1383 1661 tamin
1395 1624 1543 1678 capite,
1574 1621 1692 1676 quam
1710 1624 1750 1660 in
1762 1634 1903 1676 corpo-

1114 1689 1154 1715 re
1165 1704 1176 1722 ‚
1206 1690 1287 1718 tam
1297 1683 1338 1718 in
1353 1679 1506 1720 Adamo
1517 1709 1529 1727 ,
1547 1679 1667 1734 quam
1681 1682 1721 1718 in
1733 1678 1902 1735 posteris,

1115 1733 1365 1777 miserrimam
1398 1737 1561 1794 stragem
1580 1766 1591 1784 ‚
1623 1752 1691 1793 per
1712 1736 1904 1777 inductio-

1113 1806 1205 1832 nem
1215 1793 1418 1850 praesertim
1429 1799 1470 1836 in
1481 1795 1668 1852 originale
1687 1808 1906 1851 peccatum,

1112 1851 1333 1894 exercuisset
1347 1883 1358 1900 ,
1391 1853 1516 1910 ficc'lue
1528 1857 1663 1895 omnia
1694 1858 1746 1894 eis
1767 1853 1898 1899 bona,

1112 1921 1196 1950 tum
1211 1911 1447 1968 corporalia,
1478 1926 1561 1953 tum
1572 1911 1788 1969 spiritualia,
1818 1910 1903 1952 imo

1110 1966 1229 2023 ipsam
1245 1973 1363 2011 etiam
1382 1971 1662 2012 beatitudinem
1678 2001 1690 2017 ‚
1721 1973 1901 2027 irrepara-

1111 2025 1180 2068 bili
1216 2028 1388 2076 damno,
1420 2028 1656 2086 abripuisset,
1684 2032 1816 2070 unicus
1841 2031 1899 2068 in-

1111 2098 1171 2126 ter
1184 2086 1267 2128 haec
1294 2094 1430 2128 omnia
1473 2088 1697 2130 remanebat
1716 2091 1872 2128 nuntius
1889 2116 1900 2133 ‚

1113 2147 1180 2200 qui
1195 2145 1318 2187 diram
1333 2145 1497 2187 aliorum
1507 2146 1674 2204 stragem
1686 2149 1823 2203 jugiter
1832 2145 1899 2186 de-

1113 2202 1292 2260 plorare,
1321 2205 1371 2246 de
1404 2204 1465 2246 fila
1490 2219 1620 2246 autem
1649 2205 1902 2246 reservatione

1113 2261 1210 2304 solus
1238 2263 1418 2320 gratulari
1444 2263 1510 2305 fibi
1533 2278 1704 2320 poterat,
1733 2263 1866 2304 dicens
1891 2278 1901 2301 ε

1112 2320 1219 2377 ,Εναβ
1240 2339 1294 2379 ego
1314 2322 1430 2378 solus:
1463 2321 1559 2379 effugi
1578 2339 1633 2380 ego
1658 2323 1755 2380 filus.
1827 2321 1901 2363 Sed

1113 2383 1291 2434 quisnam
1317 2380 1409 2422 ille?
1438 2382 1540 2422 certe
1571 2397 1654 2423 non
1686 2380 1801 2427 alius,
1831 2379 1900 2421 nifi

1111 2440 1320 2481 Beatiffima
1342 2442 1479 2481 Divini
1492 2442 1675 2481 Numinis
1690 2441 1870 2482 Genitrix
1884 2467 1895 2484 ‚

1108 2499 1256 2539 MARIA
1272 2528 1283 2545 ,
1316 2498 1423 2539 Clades
1432 2498 1516 2538 Adae
1535 2500 1666 2545 nuntia,
1696 2496 1896 2551 evadensffi-

1108 2555 1153 2595 la.
1213 2559 1312 2598 Haec
1344 2560 1451 2598 enim
1476 2561 1588 2598 unica
1607 2586 1618 2603 ,
1647 2560 1688 2596 in
1712 2570 1837 2596 tutum
1860 2553 1896 2595 se

1107 2613 1306 2656 collocans
1318 2644 1329 2661 ‚
1360 2615 1470 2656 nullo
1483 2630 1652 2670 unquam
1663 2614 1793 2670 gladio
1808 2628 1895 2669 per-

1106 2670 1206 2713 cussa
1221 2703 1230 2719 ‚
1262 2676 1352 2728 quia
1368 2673 1471 2714 scuto
1483 2673 1588 2713 Fidei
1613 2673 1757 2728 semper
1781 2671 1894 2712 obar-

1106 2744 1210 2771 mata
1237 2746 1244 2769 :
1276 2731 1384 2772 nullo
1418 2745 1624 2771 ventorum
1653 2734 1800 2787 impetu
1827 2730 1896 2771 ali-

1105 2788 1264 2842 quando
1295 2788 1317 2829 a
1346 2789 1406 2830 lua
1422 2789 1585 2830 statione
1608 2790 1773 2843 dejecta,
1804 2792 1894 2844 quia

1106 2847 1276 2887 anchora
1285 2851 1371 2904 Spei
1383 2847 1602 2889 validiffime
1618 2848 1786 2888 firmata:
1808 2848 1894 2889 nul-

1104 2903 1144 2944 lo
1165 2905 1224 2947 vel
1247 2920 1526 2947 momentaneo
1563 2910 1653 2964 igne
1673 2908 1850 2947 contacta
1880 2936 1892 2953 ‚

1106 2966 1195 3017 quia
1216 2966 1372 3005 Divinae
1404 2964 1612 3007 Charitatis
1648 2965 1784 3006 ardore
1813 2966 1908 3018 jam‘

1104 3022 1254 3077 pridem
1276 3021 1582 3080 flagrantiffima,
1612 3023 1689 3064 sola
1716 3022 1852 3074 (fallor
1879 3039 1888 3062 :

1105 3094 1185 3120 non
1200 3080 1295 3129 sola3
1321 3084 1410 3136 quia
1430 3085 1551 3138 gratia
1565 3085 1609 3124 D
1623 3084 1679 3122 EI
1697 3096 1786 3123 cum
1801 3079 1888 3126 illa,

1105 3152 1146 3178 ut
1156 3139 1282 3180 dicere
1294 3155 1384 3181 cum
1399 3140 1519 3181 Paulo
1528 3140 1640 3197 gratie?
1648 3140 1745 3195 plena
1755 3137 1889 3194 posset:

1103 3198 1185 3238 Non
1202 3213 1256 3255 ego
1269 3213 1376 3240 autem
1388 3228 1399 3245 ‚
1418 3198 1480 3254 sed
1492 3199 1606 3256 gratia
1627 3199 1727 3238 DEI
1737 3200 1886 3249 mecum)

1795 3269 1860 3295 ex-

1929 929 1989 948 αι.
2018 928 2044 948 v·
2057 928 2085 954 7.

1914 3193 1938 3212 1.
1967 3186 2025 3214 Co-

1910 3226 2027 3256 xinzhae.

1913 3276 1957 3301 ις.
1974 3278 1998 3297 v.
2014 3277 2058 3300 ιο,
