2159 3508
126 382 200 438 47
205 382 256 438 9·

337 124 433 191 236

520 244 559 300 §.
585 250 624 309 3.
654 240 837 300 Ratio.

330 349 582 397 BenefICIa
641 347 883 406 PrInCIpIs
915 376 930 397 ‚
981 346 1036 390 In

442 419 661 465 faVoreM
713 419 934 475 Interpre-

607 489 770 532 tanDa.

341 592 443 629 Uxta
463 590 498 628 S.
509 583 660 640 August.
673 587 715 624 L.
735 581 783 624 de
795 583 887 623 Nat.
913 587 954 624 &
968 582 1077 622 Grat.

294 588 334 704 J
366 647 401 684 D
415 647 452 684 E
471 651 504 684 tl
523 648 548 684 S
576 646 683 682 Beata
708 642 837 697 Virgini
857 640 988 679 contulit
1005 640 1077 696 pri-

294 703 447 759 ¹vilegium
477 730 486 747 ‚
517 699 688 757 fhperandi
710 716 751 738 ex
785 698 870 737 omn?
891 709 986 754 parte
1003 710 1076 753 pec-

293 775 408 800 catum.
467 760 568 815 Ergo
601 759 649 798 de
669 771 799 797 mente
832 759 863 797 S.
878 756 1075 811 Augustini

291 818 366 863 est,
396 821 553 857 Beatam
582 819 782 871 Virginem
807 812 910 854 fuisse
939 817 1080 853 immu-

292 879 434 916 nemin
458 878 583 931 primo
592 874 745 914 instanti
763 872 831 913 suae
841 873 1079 926 Conceptio-

291 937 349 974 nis
367 933 388 972 a
400 945 558 989 peccato
573 930 757 988 originali.
789 929 953 983 Conieq.
967 928 1077 968 Prob„

292 991 538 1046 Privilegium
564 989 761 1045 superandi
802 999 1001 1044 peccatum
1029 1001 1076 1026 ex

292 1047 403 1090 omni
435 1062 538 1103 parte
560 1076 572 1094 ‚
602 1058 644 1087 ut
672 1047 714 1087 fit
747 1045 926 1085 latiffimae
959 1046 1075 1083 inter-

291 1109 515 1163 pretationis
536 1129 547 1151 -‚
593 1105 830 1159 interpretari
874 1113 957 1142 non
989 1112 1073 1156 tan÷

292 1168 375 1205 tum
400 1163 514 1204 debet
543 1163 590 1202 de
622 1175 781 1217 peccato
813 1158 948 1200 anuali
969 1185 980 1204 ‚
1010 1158 1072 1199 vel

291 1235 396 1264 uno,
428 1220 489 1261 vel
511 1219 631 1260 altero
665 1222 751 1260 vitae
775 1231 948 1273 tempore
967 1243 979 1262 ,
1009 1216 1072 1257 sed

290 1281 338 1320 de
356 1282 466 1319 omni
489 1291 650 1334 peccato
670 1280 786 1318 etiam
797 1273 975 1332 originali
990 1303 1001 1320 ‚
1030 1281 1071 1316 &

289 1338 337 1379 de
372 1334 482 1377 omni
523 1334 699 1381 instanti,
746 1337 863 1374 etiam
904 1347 1072 1388 concep-

289 1398 405 1436 tionis
430 1412 438 1435 :
470 1391 561 1434 alias
584 1409 632 1433 eo
653 1392 731 1448 ipso
751 1393 848 1432 fierit
868 1390 1069 1435 restrictio,

288 1453 526 1496 &limitatio
551 1480 562 1498 ,
601 1451 650 1490 ad
679 1449 836 1504 aliquod
870 1462 1070 1504 peccatum

287 1510 348 1553 vel
371 1524 520 1565 tempus
549 1511 649 1553 vitae.
678 1510 795 1561 Atqui
815 1507 891 1547 hoc
919 1505 1068 1562 privile-

283 1572 395 1625 gium
422 1567 553 1607 debuit
581 1565 653 1605 effe
679 1564 858 1605 latissimae
883 1567 1067 1620 interpre-

286 1628 444 1667 tationis
470 1642 479 1665 ε
510 1623 611 1679 Ergo
636 1638 700 1678 per
739 1623 815 1663 hoc
833 1651 845 1668 ‚
874 1621 981 1676 quod
1018 1621 1066 1661 de

287 1697 418 1725 mente
462 1681 658 1738 Augustini
690 1680 826 1725 fuerit,
856 1682 898 1724 Β.
915 1678 1066 1734 Virgini

286 1741 390 1783 fuisse
418 1740 603 1782 collatum
631 1735 871 1795 privilegium
893 1758 906 1782 ·,
943 1735 1066 1792 super-

286 1799 376 1841 andi
406 1810 607 1855 peccatum
638 1810 685 1836 ex
709 1794 820 1836 omni*
855 1803 985 1851 parte,
1018 1805 1065 1835 eo

284 1857 364 1914 ipso
393 1857 441 1897 de
463 1858 543 1910 ejus
563 1868 693 1894 mente
717 1853 810 1900 fuit-,
839 1865 926 1893 eam
961 1850 1066 1893 fuisse

282 1919 495 1956 immunem
515 1913 536 1954 a
557 1926 715 1969 peccato
729 1909 917 1968 originali,
933 1913 974 1950 in
992 1914 1066 1966 pri-³

281 1989 349 2014 mo
379 1972 532 2013 instanti
564 1970 633 2010 suae
651 1972 941 2025 Conceptionis.
969 1970 1063 2022 Maj.

284 2044 397 2087 patet.
435 2033 536 2071 Min.
570 2027 680 2068 Prob.
738 2026 990 2072 Beneficium,
1021 2032 1062 2069 &

283 2088 477 2129 indultum
496 2088 678 2141 Principis
695 2084 748 2125 est
765 2083 934 2125 latiffim‘e
945 2089 1060 2125 inter-

282 2146 522 2203 pretandum.
571 2147 613 2183 L.
627 2143 658 2198 fi
684 2142 808 2198 quando
847 2146 877 2183 C.
903 2142 941 2182 de
973 2142 1061 2183 bom&

279 2218 394 2246 ‘varani
427 2212 464 2247 (5
478 2201 566 2242 alibi.
596 2200 764 2241 maxime
785 2214 914 2241 autem
929 2200 976 2241 de
996 2200 1061 2241 be-

278 2263 418 2303 neficio
454 2261 557 2317 larga
581 2259 635 2300 est
658 2262 918 2315 interpretatio
948 2258 1059 2299 adhi-

278 2320 423 2363 benda,
461 2317 617 2373 quando
659 2316 781 2357 solnm
824 2316 971 2373 respicit
1005 2315 1059 2357 fa-

278 2393 411 2419 vorem
432 2376 529 2416 illius
551 2404 562 2420 ,
591 2377 652 2415 cui
674 2373 893 2415 concesshm
908 2375 983 2420 est,
1015 2388 1056 2415 ut

278 2437 436 2477 habetur
446 2435 479 2473 in
490 2450 518 2477 c.
532 2432 614 2472 odia
624 2431 661 2471 de
672 2435 753 2488 Reg.
764 2435 840 2480 Jur.
853 2433 886 2472 in
896 2443 929 2473 ό.
987 2435 1056 2473 At-

277 2498 341 2549 qui
369 2493 535 2548 superare
568 2505 614 2530 ex
640 2489 751 2530 omni
784 2504 889 2546 parte
918 2505 1054 2547 pecca-

276 2567 380 2597 tum,
409 2550 463 2590 est
487 2560 672 2605 magnum
712 2547 940 2590 beneficium
978 2549 1058 2590 col-

278 2609 396 2651 latum
418 2606 603 2650 *asummo
635 2605 830 2662 Principe,
860 2621 1000 2662 nempe
1016 2610 1057 2648 in

280 2668 482 2709 utilitatem
509 2664 618 2708 solius
645 2665 767 2703 Beatae
789 2667 955 2720 Virginis
972 2693 984 2711 ,
1014 2666 1058 2706 fi-

420 2738 468 2764 ne
484 2725 593 2765 omni
614 2720 762 2761 alterius
785 2721 929 2777 injuria.

571 2781 684 2835 Ergo,
696 2784 770 2821 &e⁶

629 2894 651 2917 ,ιι
694 2892 713 2911 ιι·

666 2929 684 2950 ῃ

717 108 809 169 De
829 104 1121 185 Concepta
1140 103 1293 164 Sacra
1315 100 1563 179 Deipara.

1329 227 1365 278 §.
1388 230 1441 286 4.
1483 215 1710 288 Historia.

1111 311 1253 359 ‘Febrl
1305 309 1674 360 DeCVMbentIs
1704 306 1866 355 sanitas
1895 340 1908 363 ‚

1258 379 1313 428 ab
1337 381 1401 428 eff
1406 384 1501 444 lgle
1527 378 1771 426 ILleatae.

1246 465 1334 506 Aria
1345 460 1911 520 MagdalenaPinckeneta‚dig-

1274 523 1420 562 niffima
1459 521 1618 562 Ordinis
1657 519 1909 561 Cistercienfis

1126 580 1339 626 Abbatiffa,
1370 594 1523 620 matura:
1547 594 1629 618 non
1652 580 1803 618 tantnm
1820 589 1908 616 aeta-

1126 641 1171 678 tis
1187 666 1197 682 ,
1231 641 1485 680 verumetiam
1495 639 1639 693 pietatis
1651 638 1799 676 eximiae
1815 638 1906 675 San-

1125 696 1376 741 cstimonialis,
1407 698 1497 736 cnm
1514 710 1560 734 ex
1573 697 1669 738 acri,
1701 700 1741 735 &
1762 696 1908 748 pericu-

1123 752 1204 793 losa
1216 754 1326 794 Febr-i
1336 783 1347 800 ‚
1379 753 1499 810 longo
1519 754 1595 806 jam
1608 765 1781 807 tempore
1794 751 1909 790 decu.

1131 810 1262 852 buiffet·
1273 841 1283 858 ,
1303 827 1346 852 ac
1359 815 1491 867 capitis
1512 810 1713 867 praesertim
1728 809 1813 849 diro
1824 822 1908 848 cru-

1130 872 1229 910 ciatu
1241 869 1391 925 peffime
1402 870 1586 913 divexata,
1602 881 1688 908 toto
1704 879 1908 924 propemo-

1128 927 1223 966 dum
1248 942 1409 983 corpore
1443 927 1541 967 adeo
1575 924 1663 966 esset
1687 928 1836 969 attrita,
1867 936 1908 963 ut

1126 985 1332 1026 comovere
1343 984 1390 1031 ie,
1412 983 1549 1039 absque
1562 984 1726 1040 plurium
1743 983 1908 1023 admini-

1124 1042 1213 1083 culo
1227 1071 1237 1088 ‚
1267 1041 1429 1084 minime
1443 1041 1581 1099 poss'et,
1602 1041 1907 1095 &circumjacen-

1120 1114 1171 1145 te‚
1204 1106 1242 1143 ὃ(
1254 1101 1335 1142 casu
1348 1116 1413 1157 per
1423 1105 1600 1142 Sororem
1615 1100 1775 1140 infirmae
1786 1097 1907 1138 deser-

1120 1162 1290 1200 vientem
1321 1158 1498 1199 cubiculo
1522 1157 1627 1198 illata
1654 1156 1908 1197 immaculatae

1118 1218 1398 1272 Conceptionis
1410 1218 1591 1272 Imagine,
1611 1214 1717 1255 illico
1728 1229 1809 1255 non
1820 1229 1905 1258 mo-

1120 1274 1250 1315 dicum
1283 1273 1389 1314 senfit
1421 1277 1460 1314 in
1488 1288 1650 1329 corpore
1678 1272 1855 1314 levamen
1893 1300 1904 1318 ,

1120 1332 1322 1387 morbique
1333 1332 1445 1372 status
1463 1330 1665 1371 confestim
1677 1329 1901 1371 notabiliter

1119 1389 1173 1429 est
1184 1393 1223 1429 in
1240 1389 1374 1430 melius
1391 1402 1661 1435 commutatus,
1700 1391 1894 1433 Attamen,

1118 1450 1207 1487 cnm
1227 1447 1312 1502 post
1331 1462 1472 1492 unum,
1501 1445 1709 1488 alterumve
1734 1445 1899 1501 elapsum

1117 1504 1242 1551 diem,
1272 1508 1386 1546 Soror
1416 1504 1507 1549 illa,
1548 1504 1762 1544 infirmariae
1792 1519 1898 1544 cura-

1116 1566 1201 1605 trix,
1224 1577 1289 1618 per
1299 1565 1592 1617 incogitantiam
1603 1591 1613 1608 ‚
1637 1562 1779 1601 dietam
1789 1560 1896 1602 illam

1116 1620 1368 1660 immaculatae
1411 1622 1577 1675 Virginis
1615 1619 1779 1675 effigiem
1798 1647 1810 1665 ‚
1847 1619 1896 1660 ab

1113 1692 1220 1733 aegrae
1239 1677 1379 1717 lectulo
1399 1676 1549 1732 longius
1568 1675 1782 1718 removisset
1791 1703 1802 1722 ,
1838 1680 1894 1733 ig-

1114 1750 1229 1781 nara,
1258 1734 1361 1775 unde
1383 1744 1503 1791 nuper
1523 1747 1604 1775 tam
1623 1732 1746 1775 subito
1766 1733 1894 1775 Abba-

1114 1791 1194 1834 tiffa
1212 1792 1273 1834 sua
1289 1792 1424 1834 melitis
1440 1791 1644 1834 habuisset?
1673 1799 1767 1833 mox
1787 1791 1894 1832 rede-

1113 1860 1231 1898 untes
1262 1857 1304 1893 δὲ
1351 1849 1477 1891 dirum
1508 1854 1550 1890 in
1579 1845 1742 1892 modum
1771 1860 1895 1891 recru-

1113 1908 1289 1950 descente
1309 1909 1449 1949 eodem
1471 1908 1631 1954 morbo,
1658 1908 1790 1948 misera
1805 1910 1895 1949 Pin-

1113 1969 1282 2008 ckeneta
1299 1970 1339 2007 in
1360 1967 1558 2024 pristinum
1578 1971 1665 2008 vitae
1690 1965 1892 2009 discrimen

1113 2024 1248 2066 iterato
1268 2027 1415 2070 recidit.
1473 2027 1567 2065 Eam
1583 2025 1636 2066 ob
1660 2036 1760 2071 rem,
1791 2038 1893 2066 atto-

1109 2088 1198 2124 nitis
1213 2112 1224 2129 ,
1255 2099 1339 2138 quae
1361 2084 1427 2124 diu
1442 2112 1452 2129 ‚
1483 2082 1674 2139 noctuque
1695 2097 1802 2139 aegrae
1818 2087 1891 2124 mi-

1107 2142 1342 2184 nistrabant,
1373 2142 1593 2188 Sororibus,
1623 2154 1893 2183 mentemtan-

1109 2200 1200 2241 dem
1216 2200 1369 2241 salubris
1390 2200 1484 2240 subit
1504 2199 1738 2246 recordatio,
1769 2199 1890 2241 subla-

1108 2272 1155 2299 tae
1169 2261 1369 2315 Imaginis‚
1399 2272 1519 2313 nuper
1528 2256 1630 2298 haud
1648 2258 1779 2314 procul
1801 2258 1887 2299 ale-

1108 2317 1210 2358 &ulo
1230 2315 1493 2357 decumbentis
1522 2315 1698 2372 repositae.
1767 2318 1884 2358 Hanc

1102 2390 1216 2432 ergo,
1248 2375 1324 2415 fine
1349 2372 1458 2414 mora
1481 2401 1491 2419 ,
1539 2373 1698 2414 sollicite
1713 2388 1884 2428 quaeren-

1102 2448 1156 2475 tes
1165 2461 1175 2480 ,
1188 2446 1231 2474 ac
1241 2433 1399 2474 tandem
1409 2434 1645 2484 invenientes
1656 2461 1665 2477 ‚
1688 2432 1736 2472 ad
1745 2447 1885 2489 aegram

1105 2491 1234 2533 denuo
1256 2503 1477 2547 reportant:
1510 2504 1626 2543 quam
1650 2503 1784 2531 tenero
1795 2490 1883 2531 afle-

1106 2552 1167 2591 stu
1193 2549 1343 2590 infirma
1373 2546 1610 2594 exosculata,
1646 2561 1740 2588 mox
1768 2552 1883 2605 capiti

1107 2607 1302 2649 doloribus
1339 2605 1456 2663 pleno
1484 2605 1666 2646 admovit.
1697 2610 1881 2647 &eecce!

1108 2664 1236 2723 paullo
1256 2665 1340 2721 post
1360 2663 1553 2720 placidum
1564 2666 1605 2702 in
1623 2663 1798 2703 somnum
1817 2679 1884 2720 per

1104 2724 1353 2765 semi-horam
1386 2720 1526 2766 soluta,
1569 2718 1735 2775 indeque
1756 2721 1887 2764 denuo

1105 2783 1323 2837 experrecta
1346 2807 1357 2825 ,
1397 2778 1592 2818 mediante
1641 2779 1886 2821 immaculata

1105 2842 1265 2894 Virgine
1285 2866 1295 2883 ‚
1325 2836 1372 2877 ab
1399 2834 1510 2876 omni
1537 2836 1616 2890 jam
1654 2838 1885 2892 aegritudinis

1104 2895 1278 2938 molestia
1295 2894 1328 2935 se
1354 2893 1525 2939 liberam,
1549 2893 1779 2950 integraeque
1791 2896 1885 2937 sani-

1160 2957 1227 2996 tati
1237 2952 1489 3009 deprehendit
1500 2951 1716 2993 restitutam.
1736 2956 1830 3009 Ray-

1270 3010 1397 3051 naudus
1407 3025 1482 3050 tom.
1493 3019 1527 3050 8.
1536 3021 1616 3067 pag.
1628 3026 1700 3057 323·

1458 3122 1476 3144 κ
1518 3125 1542 3150 aa

1486 3160 1505 3179 *K

1927 351 2058 416 480·
