2159 3508
106 1435 194 1469 Apoc.
202 1442 227 1463 e.

98 2060 198 2089 Gen-c.
211 2068 235 2095 3.

96 2109 126 2128 v.
138 2110 184 2137 14·

93 2442 194 2476 Psal.9.

92 2494 119 2513 v.
132 2494 142 2513 1
151 2495 177 2520 ς.

94 2540 177 2577 Apud

94 2582 199 2610 Delrio.

84 3034 218 3071 Jo.e.13.

87 3079 170 3104 ιη.

283 199 468 257 originale
480 197 591 239 omni
606 197 729 238 studio
753 197 967 237 insidiatum
988 195 1071 236 fuis-

285 258 319 298 se
337 272 348 298 ?
381 260 526 301 Verum
543 255 740 296 enimvero
766 255 943 295 mordere
958 256 1072 294 mini-

285 315 348 356 me
369 319 495 371 potuit
525 313 632 354 illam
654 316 874 368 Principum
899 313 1069 369 Principis,

284 371 513 429 Regumque
525 374 654 427 Regis,
668 375 797 411 aeterni
807 373 923 411 Patris
935 371 1070 413 Filiam,

284 445 367 484 quae
389 431 611 470 Calceamentis
628 431 783 469 Divinae
814 432 940 484 gratiae
966 443 1070 484 egre-

283 488 344 544 gie
356 491 504 527 munita
517 516 527 533 ,
559 486 854 543 &copiosissime
866 498 1069 541 praeventa,

283 549 335 586 ita
351 546 542 600 processit,
570 558 612 585 ut
623 543 779 600 ipsemet
791 543 973 600 Sponsus,
1005 547 1070 598 qui

282 602 541 643 calceamenta
552 602 765 644 contulerat
776 632 786 647 ‚
814 601 1066 647 considerans,

283 674 367 701 tum
394 659 552 717 gressus,
582 660 716 715 quibus
737 663 856 700 animi
883 660 1071 715 generosi-

283 732 340 759 tas
358 720 548 759 indicatur
571 745 583 762 2
613 732 696 759 tum
721 718 1071 758 calceamentorum

280 776 519 818 venustatem
535 806 544 821 ‚
574 776 870 816 admirabundus
880 775 1071 816 exclama-

279 837 351 874 ·rit:
380 835 487 891 Qcim
493 835 618 890 pulchri
628 833 706 889 fiant
711 832 829 890 greffios
846 834 893 873 tui
904 835 936 872 in
946 833 1069 872 calcea-

283 894 396 932 menu's
410 919 421 935 ‚
452 895 487 930 F
489 893 545 931 ilia
558 893 738 950 Principis!
770 894 856 932 Nec
871 894 1028 931 mirum:
1043 891 1069 931 fi

282 953 389 989 enim
430 949 590 1006 speciosa
627 950 826 1005 quondam
866 949 1069 989 castiffimae

281 1008 446 1058 Judithae
468 1006 634 1048 sandalia
660 1021 812 1048 tantum
833 1020 1041 1062 potuerunt
1056 1033 1069 1049 >

279 1078 322 1105 ut
357 1065 417 1106 vel
440 1065 667 1106 infensislimi
696 1066 915 1116 Judaeorum
940 1063 1070 1110 hostis,

280 1122 507 1164 Holofernis
519 1153 529 1169 ‚
557 1122 690 1163 oculos
702 1125 894 1177 rapuerint
910 1125 950 1162 in
963 1137 1071 1162 amo-

280 1195 383 1221 rem:
418 1184 586 1236 Virginis
618 1179 719 1220 certe
744 1183 921 1236 Deiparae
945 1181 1069 1219 calcea-

277 1253 383 1278 menta
409 1238 525 1294 longe
539 1238 641 1279 fuere
663 1237 921 1293 elegantiora,
953 1252 1067 1292 atque

277 1296 327 1335 ad
361 1297 589 1352 rapiendum
609 1299 746 1336 Divini
767 1296 899 1352 Sponsi
933 1296 1066 1337 oculos

275 1357 448 1408 aptiora:
476 1354 558 1394 imo
584 1357 703 1394 MAR
719 1370 730 1393 1
747 1369 782 1393 ιε
804 1354 1066 1395 calceamenta

276 1411 389 1467 plane
400 1412 583 1453 Coelestia
597 1412 758 1452 dixerim
775 1430 784 1458 3
816 1413 945 1451 Mulier
959 1417 1065 1452 enim

274 1469 340 1509 illa
359 1471 476 1509 amilla
497 1471 566 1514 Sole
589 1484 672 1523 quae
691 1472 901 1525 Deiparam
913 1470 1065 1511 indubi-

274 1541 398 1567 tanter
406 1528 589 1585 significat
610 1556 622 1572 ,
648 1526 712 1568 sub
724 1527 883 1582 pedibus
897 1527 1063 1567 habuisle

272 1586 425 1626 Lunam
462 1586 599 1625 dicitur
618 1614 628 1630 ,
660 1600 744 1639 quae
777 1585 1059 1628 calceamento-

272 1657 357 1684 rum
369 1642 513 1685 subibat
532 1646 650 1689 vices,
682 1656 722 1682 ut
733 1643 895 1698 proinde
913 1642 1060 1683 calcea-

270 1715 403 1741 menta
433 1701 515 1741 haec
539 1699 657 1757 longe
675 1700 879 1740 excelsiora
900 1705 1057 1742 invene-

271 1758 477 1815 ritserpens
499 1788 509 1805 ‚
541 1758 658 1813 quam
675 1787 685 1804 ,
718 1772 758 1798 ut
783 1757 831 1798 eo
860 1761 1057 1799 venenatis

270 1815 339 1856 suis
351 1816 526 1857 dentibus
539 1816 658 1872 posset
672 1815 854 1872 assurgere
871 1834 880 1863 ς
897 1819 1057 1873 quippe,

270 1878 336 1929 qui
371 1878 412 1915 in
427 1874 488 1915 sua
516 1875 788 1915 maledictione
817 1878 986 1931 accepit,
1017 1889 1059 1916 ut

269 1933 379 1973 humi
391 1947 559 1989 reptans,
589 1932 695 1989 super
709 1935 836 1988 pestus
858 1932 962 1974 suum
975 1948 1058 1989 gra-

271 1991 442 2037 deretur,
475 1998 665 2033 &terram
676 1991 899 2032 comederet
913 2020 922 2038 ,
953 1993 1056 2045 juxta

271 2048 390 2089 illud:
429 2054 526 2106 Super
542 2051 654 2105 peilus
688 2064 777 2089 tuum
795 2049 955 2105 gradieris
978 2079 989 2095 ‚
1018 2059 1057 2092 ὠ·

269 2121 389 2146 terram
418 2106 556 2146 comedes
573 2137 584 2152 ‚
616 2109 731 2146 cunft'v's
753 2107 861 2146 diebus
890 2108 968 2148 witae
985 2121 1052 2147 tuae.

268 2165 431 2220 Optime
457 2179 572 2220 ergo,
609 2169 731 2221 Virgo
761 2164 1018 2220 speciosiffima
1046 2171 1052 2205 !

265 2222 317 2262 ob
346 2222 643 2279 gloriosissimam
683 2238 790 2264 tuam
830 2221 1055 2277 praeservati-

267 2294 408 2327 onem,
439 2280 701 2337 gressuumque
722 2285 762 2321 in
784 2280 1053 2322 calceamentis

268 2353 348 2378 tam
368 2338 586 2379 sublimibus
608 2339 947 2394 pulchritudinem,
967 2355 1052 2396 gra-

267 2410 322 2436 tes
345 2399 461 2438 DEO
483 2397 691 2452 rependere
709 2413 838 2453 potes,
860 2398 1050 2439 dicendo:

263 2455 330 2512 Qi
341 2455 461 2494 exaltu
473 2471 520 2494 me
530 2454 673 2511 deporta&
684 2458 869 2497 mortu.Tu
882 2459 986 2496 enim
1001 2465 1055 2507 (ut

265 2527 354 2553 cum
367 2515 406 2553 B.
419 2512 544 2553 Alano
563 2512 722 2567 loquar)
756 2515 808 2553 Tu
824 2531 856 2554 es
866 2516 1053 2571 principalis

260 2571 331 2618 filia
344 2572 515 2628 Principia
529 2573 629 2610 DEI
621 2571 749 2626 scilicet,
771 2573 824 2628 qui
843 2573 882 2625 cst
893 2575 970 2628 fo
982 2576 1051 2629 Re:-

255 2644 356 2685 gum,
389 2630 602 2672 &Dominus
635 2631 903 2676 Dominantium,
934 2632 989 2687 qui
1019 2646 1050 2671 te

251 2686 433 2742 specialiter
452 2700 510 2743 per
537 2687 679 2744 gratiam
704 2689 815 2743 genuit
833 2717 843 2733 ,
870 2687 1049 2744 specialiter

260 2745 458 2799 infhrmawt.
555 2746 644 2785 Nec
680 2746 944 2801 praetereunda
982 2745 1047 2787 1116

258 2802 356 2842 1111111
375 2803 523 2844 videtur
548 2801 694 2843 summa
715 2803 916 2844 Salvatoris
929 2804 1047 2845 nostri

260 2863 299 2898 in
321 2859 491 2902 lavandis
511 2860 782 2917 discipulorum
808 2861 964 2917 pedibus
976 2861 1046 2903 hu-

260 2916 397 2957 militas
419 2949 429 2964 ,
464 2933 581 2972 quam
611 2918 785 2959 sustinere
817 2923 879 2961 vix
907 2934 1045 2976 potens

259 2975 730 3033 ApostolorumPrinceps,
752 2980 901 3020 Petrus,
932 2977 1045 3019 omni

260 3032 381 3071 modo
396 3034 449 3073 est
470 3035 691 3088 protestatus
710 3066 720 3081 ‚
751 3036 938 3076 dicendo:
958 3038 1041 3076 Non

256 3089 385 3127 lavabis
403 3092 477 3129 mihi
498 3092 593 3146 pedes
622 3094 656 3133 in
687 3109 856 3140 aeternum,
887 3102 950 3136 (π.
979 3098 1040 3135 cui

254 3161 342 3207 cum
353 3149 546 3188 Dominus
558 3151 770 3206 reposuisset
782 3170 790 3192 ι
812 3153 848 3193 si
858 3168 918 3194 non
929 3152 1041 3195 lavero

682 101 779 166 De
799 101 1087 184 Concepta
1108 102 1261 163 Sacra
1280 98 1531 182 Deipara.

1118 192 1178 233 tibi
1183 193 1278 249 pedes
1292 222 1303 239 ,
1333 210 1393 233 non
1407 194 1534 239 habebis
1550 206 1677 250 partem
1688 209 1815 243 mecum,
1841 203 1902 240 &a

1118 266 1202 291 non
1217 252 1330 307 pedes
1341 255 1493 292 tantum
1509 281 1519 297 ,
1547 252 1608 292 s'ed
1621 259 1661 295 ὃ(
1681 267 1832 300 manus,
1863 262 1905 296 ὃς

1118 323 1233 365 caput
1251 310 1457 350 lavandum
1481 309 1630 350 obtulit.
1688 313 1800 352 Dixit
1811 312 1904 368 ergo

1117 370 1153 407 ei
1173 370 1314 418 JESUS
1337 385 1345 408 z
1376 369 1444 425 Qi
1461 368 1544 407 lotws
1570 369 1609 423 est
1624 397 1635 414 ‚
1666 383 1727 407 non
1753 369 1872 424 indiget
1893 399 1904 415 ‚

1118 424 1173 479 nifi
1189 439 1225 464 ut
1241 424 1338 482 pedes
1355 426 1446 466 lavet
1465 455 1475 471 ‚
1508 425 1569 480 fid
1587 426 1626 473 ell
1647 424 1783 465 mundus
1810 441 1904 466 tatus.

1120 482 1199 523 Hic
1226 487 1353 523 mirari
1374 498 1456 524 non
1468 482 1550 524 satis
1564 482 1733 539 possum,
1765 499 1808 524 ac
1822 484 1907 524 nos,

1119 539 1153 580 se
1165 556 1432 597 percuperem,
1463 557 1528 582 cut
1547 540 1645 582 adeo
1659 541 1828 583 Salvator
1848 557 1907 582 ur-

1119 612 1205 654 geat
1238 599 1427 639 lotionem
1449 600 1590 655 pedum
1610 599 1882 655 Apostolorum
1895 627 1905 645 ,

1121 672 1165 696 ac
1188 656 1420 713 fingulariter
1432 660 1551 704 Petri,
1581 660 1657 711 jam
1671 657 1835 697 antehac
1848 657 1905 697 lo—

1120 717 1170 759 ti,
1197 720 1237 755 8(
1254 715 1388 755 mundi
1408 727 1419 755 .>
1456 717 1529 757 Sed
1559 715 1801 756 Ambrosium
1817 715 1906 755 faeti

1120 774 1366 827 interpretem
1378 773 1503 814 audite
1524 779 1532 814 !
1564 773 1737 816 arundus,
1766 776 1904 827 inquit,

1120 844 1189 868 erat
1205 833 1324 870 Petrus
1348 861 1359 877 ,
1386 831 1441 884 fied
1446 833 1594 888 plantam
1612 831 1730 872 lauare
1749 830 1903 878 debebat3

1119 886 1252 926 habebat
1288 890 1368 927 enim
1382 890 1483 944 primi
1509 891 1642 929 hominus
1665 888 1703 929 de
1727 888 1906 946 fitcceffione

1112 956 1296 1000 peccatum:
1327 945 1394 985 idei>
1419 948 1537 1004 planta
1559 950 1624 1001 ejus
1657 947 1799 987 abluitur
1820 977 1831 993 ,
1868 962 1906 986 ut

1113 1014 1245 1058 peccata
1273 1004 1439 1060 originalia
1456 1035 1466 1051 ,
1498 1014 1536 1048 (9⁶
1559 1005 1757 1051 haereditaria
1790 1005 1906 1045 tollan-

1119 1074 1181 1100 tur.
1242 1064 1341 1117 Qae
1363 1065 1453 1102 cum
1464 1066 1515 1103 ita
1537 1063 1625 1108 sint,
1655 1064 1748 1117 quid
1767 1063 1816 1104 de
1833 1078 1904 1103 no-

1120 1117 1192 1158 stra
1203 1119 1295 1175 ergo
1305 1120 1475 1160 dicemus
1486 1124 1562 1162 Dei
1567 1121 1655 1176 para
1667 1133 1677 1161 ‚2
1700 1136 1794 1162 num
1804 1120 1903 1162 forte

1117 1182 1157 1218 &
1177 1176 1261 1223 illa,
1290 1177 1464 1231 quamvls
1479 1178 1645 1225 munda,
1676 1178 1824 1220 lotione
1837 1194 1903 1236 pe-

1117 1234 1212 1274 dum
1227 1236 1411 1291 indiguit?
1440 1239 1602 1278 minime
1619 1254 1628 1282 3
1649 1237 1784 1293 jugiter
1794 1241 1901 1278 enim

1117 1292 1243 1333 statim
1255 1293 1302 1334 ab
1320 1297 1431 1335 initio
1462 1294 1629 1335 calceata
1649 1298 1789 1335 terreni
1817 1295 1901 1351 pul-

1116 1354 1210 1391 veris
1232 1355 1525 1407 inquinamenta
1568 1368 1767 1407 nunquam
1804 1368 1900 1393 con·

1114 1412 1228 1449 traxit
1247 1439 1257 1455 ,
1297 1409 1698 1465 pulchritudinemque
1731 1410 1903 1452 calcanei

1112 1465 1162 1505 sui
1175 1495 1186 1512 ,
1220 1467 1484 1522 primiscilicet
1498 1472 1536 1509 in
1553 1468 1688 1509 orbem
1708 1467 1900 1524 ingreffiis‚

1113 1538 1179 1578 per
1198 1529 1498 1581 conceptionem
1518 1555 1529 1572 ,
1557 1525 1668 1566 omni
1690 1541 1898 1567 momento

1111 1581 1345 1624 conservavit
1355 1582 1508 1624 illaesam
1519 1613 1530 1630 ,
1560 1597 1601 1624 ut
1611 1583 1755 1640 semper
1765 1599 1898 1626 verum

1107 1640 1354 1694 permanserit
1381 1641 1477 1682 illud
1497 1658 1506 1681 :
1553 1642 1661 1699 Qum
1677 1641 1803 1697 pulchri
1817 1642 1896 1696 fimc

1100 1696 1220 1753 greffirs
1236 1699 1285 1739 tui
1301 1699 1333 1737 in
1353 1699 1582 1744 calceamentis,
1604 1699 1695 1738 Filia
1710 1700 1896 1755 Principis!

1107 1757 1168 1795 Ad
1178 1754 1279 1796 hanc
1294 1759 1407 1812 igitur
1418 1755 1488 1799 rite
1508 1755 1719 1797 calceatam
1730 1785 1741 1802 ‚
1768 1771 1812 1797 ac
1828 1756 1897 1797 suis

1107 1815 1149 1852 in
1174 1814 1445 1855 calceamentis
1474 1813 1774 1870 pulcherrimam
1789 1817 1897 1855 Prin-

1107 1874 1200 1927 cipis
1212 1871 1387 1913 Coclestis
1400 1872 1534 1913 Filiam
1553 1872 1732 1914 advolate
1744 1887 1894 1920 omnes,

1106 1944 1301 1984 quotquot
1346 1934 1486 1971 terreni
1525 1930 1688 1987 pulveris
1726 1930 1896 1972 sordibus

1106 1992 1264 2044 turpiter
1284 1992 1498 2042 inquinati,
1534 1992 1673 2029 animae
1683 1989 1894 2045 pulchritu-

1105 2045 1258 2089 dinem,
1289 2046 1520 2102 Divinaeque
1532 2047 1699 2088 formam
1717 2051 1894 2104 imaginis

1106 2103 1306 2145 infeliciter
1326 2105 1537 2161 perdidistis
1557 2110 1564 2145 !
1607 2106 1697 2146 sicut
1723 2110 1828 2146 enim
1847 2107 1892 2147 fi-

1104 2161 1153 2202 lia
1174 2162 1238 2203 illa
1250 2163 1458 2203 Pharaonis
1471 2167 1587 2219 Regis
1600 2193 1608 2209 ,
1628 2166 1804 2220 AEgypti,
1837 2164 1890 2205 asL

1102 2219 1292 2277 sumptum
1311 2237 1357 2261 ex
1376 2225 1483 2276 aquis
1499 2222 1730 2262 infantulum
1751 2226 1889 2279 (Moy-

1102 2277 1186 2329 sen)
1226 2283 1356 2319 nutriri
1374 2279 1484 2324 fecit,
1513 2286 1553 2322 &
1572 2280 1770 2336 adoptavit
1791 2284 1830 2321 in
1846 2282 1889 2322 fi-

1104 2336 1217 2384 lium,
1247 2338 1295 2378 sic
1312 2337 1623 2394 quandocunque
1643 2339 1890 2381 immaculata

1105 2397 1222 2452 Regis
1235 2395 1410 2438 Coelestis
1428 2396 1505 2437 filia
1517 2426 1527 2443 ,
1563 2400 1708 2438 Mum
1722 2426 1731 2442 ,
1763 2402 1888 2453 poeni-

1103 2466 1252 2495 tentem
1285 2454 1454 2509 aliquem
1486 2459 1526 2495 in
1549 2458 1653 2510 aquis
1674 2455 1890 2511 lachryma-

1103 2526 1188 2552 rum
1207 2516 1426 2570 vagientem
1440 2513 1644 2569 conspicit,
1670 2515 1746 2565 ejus
1761 2515 1887 2555 miser--

1100 2582 1161 2616 ta,
1191 2574 1429 2627 quantocyus
1454 2570 1617 2618 assumit,
1649 2574 1690 2611 in
1705 2572 1884 2615 omnibus

1099 2627 1210 2669 bonis
1234 2633 1368 2670 nutriri
1390 2629 1503 2675 facit,
1536 2645 1579 2669 ac
1591 2629 1818 2685 adoptatum
1840 2634 1882 2670 in

1097 2684 1228 2727 locum
1241 2687 1306 2741 filij
1328 2718 1339 2734 ‚
1366 2687 1527 2743 dignum
1545 2690 1681 2742 pariter
1702 2687 1817 2730 efficit
1832 2688 1893 2729 ad-

1096 2743 1407 2799 consequendum
1425 2744 1555 2785 locum
1566 2743 1647 2798 Filij
1666 2747 1767 2786 DEI.

1268 2838 1307 2902 §.
1329 2849 1379 2889 2.
1415 2836 1712 2888 Authoritas.

1119 2937 1157 2980 S.
1174 2937 1406 2990 MarCVS‚
1452 2933 1678 2983 Defensor
1701 2940 1881 2997 eraeJ

1319 3012 1365 3050 δε
1389 3003 1632 3053 ILLIbatae.

1090 3092 1359 3149 Hoccstcorpm:
1390 3101 1428 3135 <9⁴
1443 3093 1514 3131 Hic
1529 3093 1568 3146 ψ
1592 3092 1727 3148 Sangur't
1746 3088 1877 3129 Damini

1175 3151 1268 3203 nostri
1294 3153 1415 3200 JEscz
1439 3152 1659 3207 CHRISTI,
1688 3146 1772 3206 quod
1794 3173 1805 3189 2
1835 3153 1874 3187 ώ-

1754 3219 1845 3260 quem

1966 372 1990 391 ν,
1999 363 2045 393 ιοξ

1923 772 1963 799 De
1974 769 2017 799 his
2024 771 2075 811 qul

1921 814 2003 849 myst.
2018 812 2060 840 in.

1923 854 1955 881 ir·
1964 862 1988 881 c.
1997 858 2028 884 6«

1907 2244 1990 2275 Exod.
2004 2255 2023 2275 c,
2036 2258 2061 2273 ιι

1894 2968 2033 3030 492:
