2159 3508
58 510 144 538 Setm.
154 508 187 536 de

757 87 1078 172 Conceptus
1133 73 1438 151 LXXXIV.

222 178 371 221 Mirm
393 186 522 222 omnis
536 185 654 222 etiam
666 181 798 239 Suspicio
817 182 947 239 culpae.
976 185 1014 221 in

227 238 362 280 arbore
374 243 558 280 nimirum
569 244 800 296 praevaricati
812 240 895 282 lunt
906 242 1018 297 primi

231 311 406 352 parentes
434 317 441 338 :
474 299 586 339 arbor
607 300 699 355 ergo
715 299 803 339 ideo
828 315 908 340 non
924 299 1018 339 dici-

231 370 311 402 tur,
343 371 385 398 ut
414 372 487 397 nec
510 360 783 398 nominetenus
806 358 855 398 ad
872 356 1020 397 caulam

231 416 610 472 primipeccatidicat
629 415 860 471 analogiam.
888 415 1022 456 &haec

235 476 310 528 ipsa
340 473 393 514 est
424 478 535 519 ratio,
569 489 634 514 cur
664 475 794 513 Petrus
808 476 1024 514 Damianus

61 555 184 579 Annum.
234 532 392 572 dixerit:
433 532 602 572 Germinat
623 548 692 588 ergo
714 533 823 587 Virga
850 529 953 586 J‘ffi'
985 529 1022 568 de

59 1738 129 1771 Luc.
140 1747 167 1767 ι..

57 1790 85 1810 v·
95 1789 137 1809 12·

56 2007 145 2040 Setin.
159 2015 182 2041 3.

234 589 376 629 tortuosci¹
391 589 498 629 radice
513 590 639 645 generis
663 591 813 635 humani,
845 598 882 631 (φ
906 588 944 627 de
956 591 1023 626 Pa-

233 648 446 687 triarcharum
471 647 599 687 Arbore
618 649 650 686 in
686 647 887 686 altitudinem
920 662 1024 685 erum-

227 718 307 763 pens
323 736 333 752 ,
363 722 483 746 omnem
513 707 638 762 ignorat
664 704 864 759 nodositatem
890 733 899 749 ,
923 705 1025 759 folio-

233 781 303 804 rum
323 764 461 804 tenebras
489 763 588 819 nestit.
628 762 691 804 ubi
718 763 853 803 ultima
873 761 1020 819 praeser-

235 837 307 863 tim
327 823 500 863 notanda
531 821 667 862 verba:
703 821 855 876 foliorum
881 821 1020 860 tenebrae

234 881 337 936 nestit.
369 881 463 935 quid
471 884 576 921 enim
588 879 640 919 est
652 882 698 919 M
711 895 735 919 A
747 893 772 919 R
784 896 795 919 1
808 896 832 918 A
845 894 875 919 M
902 880 1021 919 nesci-

233 955 271 979 re
283 939 456 979 tenebras
477 938 680 978 foliorum?
711 938 779 977 nisi
802 953 842 978 ut
861 937 1024 978 denote-

233 1011 314 1042 tur,
348 1012 429 1038 non
449 994 571 1035 lolum
607 998 652 1035 M
666 1011 689 1034 A
704 1011 728 1036 R
742 1011 753 1035 1
767 1012 791 1035 A
805 1011 836 1036 M
877 998 1025 1052 peccati

232 1055 426 1111 originalis
449 1054 534 1093 labe
545 1051 700 1094 caruisse
727 1057 766 1094 in
783 1057 1024 1110 Conceptio-

230 1129 279 1152 ne
298 1129 307 1157 ς
333 1114 464 1152 verum
479 1115 595 1152 etiam
615 1111 790 1152 umbram
804 1117 951 1168 peccati
969 1119 1025 1168 ig-

231 1168 388 1210 norasse.
430 1170 585 1210 Arboris
608 1169 708 1224 folijs
723 1201 733 1216 ,
766 1175 806 1211 in
830 1171 906 1226 qua
932 1187 1024 1228 prx-

230 1231 387 1268 varicati
424 1227 575 1268 fuerunt
605 1231 720 1284 primi
740 1244 937 1286 parentes,
969 1229 1024 1270 fe-

231 1300 367 1327 cerunt
375 1286 440 1326 fibi
452 1290 690 1343 perizomata
700 1314 711 1330 ,
738 1294 778 1330 &
790 1302 1025 1344 operuerunt

232 1342 279 1389 se,
305 1344 439 1385 nudati
466 1345 609 1402 gratia,
641 1345 740 1400 folijs
753 1351 911 1402 peccati.
943 1346 1027 1387 haec

231 1402 325 1442 folia
344 1406 537 1460 ignoravit
553 1406 722 1450 MARM,
750 1420 916 1458 quorum
942 1420 1026 1444 um-

232 1460 300 1500 bra
332 1475 535 1515 nunquam
573 1461 644 1501 fuit
673 1476 869 1518 cooperta.
930 1462 1025 1518 Abfit

230 1517 324 1574 ergo
362 1519 383 1558 ἃ
402 1520 439 1558 D
453 1521 490 1558 E
502 1522 531 1558 I
554 1520 716 1559 Genitrice
750 1522 851 1560 omme
884 1519 1024 1577 ficspiciO.

233 1578 306 1618 Sed
322 1577 648 1634 aliumScripturae
661 1577 794 1620 locum
816 1582 867 1619 rei
889 1579 1026 1619 nostrae

231 1635 430 1676 faventem
451 1636 697 1677 adducamus.
760 1639 869 1678 Nato
898 1636 1025 1679 Salva-

231 1694 479 1741 torenostr0‚
511 1698 564 1735 ait
589 1694 758 1751 Angelus
782 1696 991 1751 pastoribus
1017 1711 1025 1733 :

229 1753 409 1793 Inveniet&
419 1754 573 1808 inflantem
578 1755 700 1810 pannis
710 1755 903 1797 involutum,
919 1763 957 1797 έν
965 1767 1026 1811 po—

218 1810 319 1866 fitum
331 1813 365 1850 in
373 1811 528 1868 praesipio.
561 1812 668 1867 quod
694 1811 756 1868 pie
784 1813 1026 1853 considerans

229 1872 282 1910 D.
313 1871 546 1915 Ber-nardus,
591 1870 885 1927 condolensc‘lue
908 1886 1026 1912 tantae

231 1930 454 1975 Mmuffi,
484 1933 1021 1986 &Josizpn1in0piae,ait:

231 1989 281 2026 Et
295 2004 364 2027 cum
377 1987 447 2044 fft
460 2002 554 2026 tanta
573 1989 728 2044 neceffitas
748 2017 759 2034 ,
794 1989 912 2028 nullam
931 1988 1025 2028 audio

57 2047 90 2075 de
99 2046 199 2077 Natal.
223 2045 352 2102 pellium
363 2046 441 2101 fieri
462 2047 656 2087 mentionem.
685 2062 752 2088 cur
771 2050 916 2087 miraris
929 2046 1024 2087 mel-

61 2091 136 2117 Dom
141 2113 148 2119 .

64 2478 128 2502 Gen.
145 2485 169 2509 3-

63 2525 138 2545 ιιι-

64 2960 116 2989 loc·
126 2960 173 2989 cit.

231 2103 333 2144 liflue
346 2107 484 2146 Pater?
517 2120 633 2160 quare
655 2121 749 2163 ergo
777 2105 829 2145 ibi
852 2106 957 2146 nulla
983 2106 1025 2147 fit

231 2163 392 2219 pellium
412 2167 562 2204 mentio
583 2176 592 2204 .>
621 2179 687 2205 aut
710 2180 777 2204 cur
805 2164 877 2204 illis
899 2165 1022 2205 infans

231 2223 274 2262 D
288 2224 314 2262 E
328 2226 397 2263 US
432 2237 514 2262 non
537 2222 770 2268 obvolvitur,
788 2228 922 2279 pannis
936 2223 1022 2263 loli>

233 2295 440 2321 contentus
462 2292 473 2320 .>
505 2296 586 2321 non
599 2280 715 2321 aliam
737 2281 841 2322 certe
859 2282 911 2322 ob
937 2297 1024 2322 cau-

234 2338 310 2378 sam
329 2368 338 2384 ,
368 2339 435 2380 nifi
458 2344 547 2394 quia
579 2339 696 2395 pelles
718 2343 931 2397 primorum
961 2356 1026 2397 pa-

235 2411 387 2438 rentum
411 2402 448 2437 in
470 2398 639 2454 paradiso
665 2398 819 2439 fuerunt
843 2414 998 2440 ornatus
1014 2430 1023 2445 ‚

233 2456 339 2508 juxta
350 2455 442 2496 illud
464 2474 471 2495 τ
505 2458 591 2495 Fecit
602 2473 720 2514 quoque
732 2459 890 2497 Dominus
902 2460 1033 2498 DEUS

232 2513 328 2560 Adae,
349 2523 386 2557 &⁴
403 2516 498 2554 uxori
528 2518 596 2570 ejm
618 2544 628 2561 ,
659 2518 778 2555 tunicas
807 2517 959 2572 pelliceae,
991 2525 1029 2559 (ᾗ

231 2572 338 2611 induit
353 2589 414 2612 eos.
445 2577 535 2614 cum
569 2589 664 2631 ergo
686 2574 804 2631 pelles
826 2589 1029 2631 parentum

230 2631 457 2672 nudidatem
470 2636 691 2688 operuerint
702 2663 712 2679 ‚
750 2636 892 2690 ineptae
906 2648 1026 2679 erant,

232 2703 273 2728 ut
297 2693 349 2730 eis
376 2690 547 2732 Christus
572 2691 854 2733 involveretur:
887 2708 936 2733 ne
960 2691 1025 2733 ubi

234 2747 364 2788 aderat
384 2752 528 2792 Mirum
543 2777 553 2792 ‚
579 2749 776 2807 originalis
791 2750 912 2807 culpae
934 2751 1024 2792 esset

234 2804 294 2843 vel
333 2810 495 2847 minima
512 2808 658 2864 fiispicio,
692 2823 756 2850 aut
794 2810 1019 2851 recordatio.

235 2863 341 2916 quod
361 2866 580 2919 emphatice
607 2866 694 2907 satis
711 2867 912 2908 denotavit
935 2872 1021 2909 Ber—

235 2922 375 2961 nardus
388 2951 399 2966 ‚
418 2922 475 2962 his
489 2924 631 2965 verbis:
667 2927 801 2964 Primos
813 2925 928 2965 Adam
932 2927 1022 2983 pelli-

236 2981 295 3018 ceis
310 2979 440 3033 vestitur
450 2982 562 3019 tunicor
577 3011 586 3026 ‚
611 2985 730 3038 pannis
739 2983 898 3038 secundus·
912 2985 1022 3025 obvol-

235 3039 337 3077 vitm.
369 3038 475 3091 quod
491 3038 544 3078 est
560 3039 705 3081 dicere:
735 3043 877 3096 primus
897 3043 1023 3084 Adam

236 3095 402 3151 pelliceis
431 3100 544 3136 utitur
556 3101 706 3144 tunicis,
729 3103 768 3138 in
787 3098 934 3154 {ignum
953 3101 1022 3142 sure

235 3155 439 3198 nuditatis,
458 3160 495 3196 ὅ(
517 3159 860 3211 praevaricationis:
892 3156 1022 3199 secun-

1066 182 1134 222 dus
1152 180 1244 222 vero
1265 196 1346 222 non
1362 178 1522 237 pellibus
1553 177 1613 219 sed
1636 180 1771 235 pannis
1787 175 1857 217 ob-

1067 239 1254 285 volvitur,
1282 255 1330 279 ne
1357 239 1420 279 ubi
1451 238 1581 278 aderat
1595 240 1768 281 MARlA,
1798 234 1859 274 vel

1069 301 1233 338 minima
1245 301 1358 355 primi
1369 296 1496 336 dilecti
1503 297 1632 352 ficsjiicio
1653 295 1782 335 locum
1793 293 1863 333 ob-

1071 360 1222 397 tineret.
1292 359 1485 396 Mirantur
1527 355 1629 395 haud
1668 350 1864 393 immerito

1073 413 1209 469 aliqui,
1241 416 1476 456 curMAiuA,
1494 427 1573 453 tam
1591 413 1706 452 chara
1721 409 1864 452 Christi

1073 476 1224 517 Mater,
1256 472 1498 528 praeientibus
1543 471 1757 526 Apostolis,
1788 468 1865 524 ipla

1071 531 1233 571 abfuerit
1267 529 1510 570 acoenaculo
1530 559 1539 574 ,
1569 533 1607 568 in
1649 544 1727 583 quo
1756 527 1864 584 pijffi-

1071 605 1155 629 mus
1187 589 1431 643 Redemptor
1452 587 1759 643 Augustiffimum
1790 587 1865 625 Ev—

1073 646 1258 687 charistiae
1271 650 1560 688 Sacramentum
1584 645 1767 685 instituit?
1800 647 1866 685 Sa-

1073 705 1320 745 cratiffimum
1343 704 1407 744 hic
1436 704 1713 760 praeparabatur
1731 705 1864 743 convi-

1069 767 1187 808 vium,
1207 762 1420 818 eademque
1432 778 1535 806 caro,
1545 769 1584 804 &
1601 761 1745 818 sanguis
1760 761 1865 801 idem

1073 830 1083 872 (
1101 836 1142 862 ut
1158 837 1248 863 cum
1265 822 1478 878 Augustino
1491 822 1647 875 loquar)
1685 835 1802 875 quem
1817 834 1864 859 ex

1070 879 1196 921 Maria
1225 878 1466 935 assumpserat
1487 908 1497 925 ‚
1529 879 1592 920 sub
1625 879 1697 919 illis
1724 878 1864 934 specie-

1073 939 1142 979 bus
1172 938 1476 979 ministrabatur:
1509 954 1574 978 cur
1608 952 1700 994 ergo
1725 936 1865 977 latam&

1074 997 1295 1038 celebritate
1316 1000 1444 1037 Mater
1455 996 1691 1039 excluditur?
1723 1011 1788 1036 cur
1799 995 1865 1035 ab-

1075 1056 1155 1096 est?
1189 1054 1282 1096 mim
1308 1055 1426 1096 habet
1451 1054 1683 1096 Evcharistia
1718 1054 1869 1110 oppofi-

1073 1118 1224 1155 tionem
1241 1113 1439 1167 quandam
1459 1128 1549 1154 cum
1571 1115 1768 1154 MARIA?
1800 1115 1872 1152 mi-

1074 1172 1193 1213 nime.
1232 1173 1397 1212 dicenda
1421 1174 1545 1228 potius
1598 1186 1740 1227 magna
1773 1174 1872 1211 inter

1074 1232 1190 1276 hanc,
1214 1237 1254 1272 ὃ(
1284 1230 1393 1270 illam
1418 1230 1758 1286 consanguinitatis
1779 1245 1870 1285 cog-

1078 1293 1196 1330 natio.
1231 1304 1296 1329 cur
1307 1304 1400 1345 ergo
1414 1304 1494 1328 non
1519 1289 1622 1329 adest
1643 1290 1688 1328 M
1705 1291 1737 1328 A
1753 1290 1870 1330 MA,

1077 1351 1168 1388 cum
1190 1348 1361 1388 Christus
1375 1347 1646 1387 Evcharistiam
1678 1346 1838 1387 instituit
1861 1359 1871 1386 .>

1079 1405 1342 1461 Respondeo:
1377 1405 1492 1451 Ideo,
1524 1409 1612 1460 quia
1629 1405 1698 1445 fuit
1724 1409 1762 1444 in
1790 1420 1872 1461 gra-

1078 1464 1131 1504 tia
1143 1490 1153 1506 ‚
1175 1469 1214 1505 &
1229 1467 1433 1504 Sanctitate
1451 1479 1653 1520 conceptos,
1665 1467 1754 1502 cum
1767 1468 1873 1503 enim

1077 1521 1250 1563 Christus
1263 1525 1302 1561 in
1315 1523 1457 1562 eodem
1470 1522 1675 1563 coenaculo
1689 1522 1802 1578 pedes
1814 1522 1870 1561 di-

1077 1579 1308 1636 scipulorum
1327 1581 1461 1621 laverit
1479 1609 1490 1626 ,
1523 1587 1562 1622 &⁷
1590 1582 1659 1620 hac
1675 1581 1871 1620 iunctione

1079 1642 1226 1695 peccati
1265 1638 1460 1695 originalis
1494 1637 1656 1679 abluerit
1675 1653 1871 1679 venenum

1079 1704 1142 1746 (ut
1158 1713 1205 1737 ex
1230 1701 1260 1738 S.
1278 1697 1480 1737 Ambrolio
1499 1700 1661 1753 superius
1686 1700 1870 1753 Concep-

1077 1769 1118 1796 tu
1138 1762 1197 1807 69.
1222 1755 1482 1805 ostendimus)
1517 1755 1609 1796 hinc
1622 1755 1799 1797 constilto
1815 1756 1873 1796 di-

1076 1814 1312 1854 leetiffimam
1334 1817 1504 1855 Matrem
1516 1813 1605 1854 illuc
1627 1830 1765 1856 vocare
1787 1830 1870 1857 non

1075 1873 1210 1918 voluit,
1242 1872 1306 1913 ubi
1329 1875 1376 1913 de
1396 1878 1543 1929 peccati
1566 1873 1762 1929 originalis
1783 1888 1871 1930 age·

1075 1931 1186 1972 batur
1202 1931 1404 1972 antidoto:
1433 1947 1481 1972 ne
1507 1932 1556 1972 de
1577 1932 1640 1972 illa
1653 1931 1714 1971 vel
1736 1931 1869 1972 leviter

1066 1990 1221 2047 fiaespicari
1243 1994 1325 2044 quis
1344 1991 1487 2046 posset,
1518 1994 1636 2032 etiam
1663 1989 1766 2031 fulsse
1801 1991 1867 2031 ab-

1075 2050 1207 2089 lutam.
1269 2052 1403 2090 Tanto
1415 2052 1599 2090 nimirum
1616 2049 1740 2090 studio
1772 2052 1865 2090 DEI

1074 2108 1187 2148 Filius
1208 2111 1397 2148 Materna:
1421 2111 1690 2164 conceptionis
1712 2111 1867 2164 puritati

1075 2167 1244 2222 providit
1261 2196 1270 2211 ‚
1302 2181 1342 2206 ut
1365 2167 1531 2206 noluerit
1554 2170 1592 2206 in
1613 2166 1780 2222 Deipara
1793 2170 1866 2206 mi⁴

1075 2229 1224 2266 nimam
1254 2224 1368 2265 sordis
1389 2225 1583 2282 originalis
1591 2223 1794 2282 fiqspicionem
1809 2241 1866 2265 re-

1077 2287 1198 2340 periri.
1257 2288 1405 2324 Vertim
1450 2283 1607 2337 obijcies
1628 2301 1638 2322 :
1669 2299 1735 2323 cur
1770 2299 1867 2340 ergo

1079 2358 1159 2382 non
1176 2342 1371 2398 prohibuit
1392 2358 1547 2397 quoque
1561 2345 1784 2383 MARIAM
1799 2343 1864 2382 ab·

1080 2400 1131 2441 lui
1158 2404 1196 2440 in
1230 2399 1338 2441 fonte
1371 2401 1629 2456 Baptilmatis‚
1661 2403 1724 2455 qui
1751 2404 1869 2441 etiam

1080 2475 1276 2499 venenum
1317 2459 1495 2515 {erpentis
1535 2459 1656 2500 abluit
1676 2489 1685 2504 ,
1717 2460 1798 2499 imo
1823 2459 1872 2499 ad

1081 2518 1119 2557 id
1143 2518 1351 2574 [pecialiter
1371 2518 1424 2558 est
1451 2518 1664 2560 institutus?
1701 2517 1874 2573 Respon-

1079 2576 1177 2616 deo:
1209 2579 1432 2618 MARIAM
1461 2575 1679 2633 Baptismali'
1715 2575 1874 2630 quidem

1078 2634 1186 2675 fonte
1211 2641 1281 2685 (ut
1293 2635 1418 2676 nullus
1444 2635 1608 2685 dubito)
1633 2637 1792 2676 tinctam
1815 2634 1873 2674 fu-

1077 2691 1159 2734 issez
1193 2709 1274 2734 non
1290 2708 1435 2741 tamen,
1448 2709 1489 2734 ut
1506 2695 1700 2750 originalis
1722 2692 1874 2733 macula

1073 2752 1350 2809 abstergeretur
1365 2780 1375 2796 ‚
1404 2768 1520 2807 quam
1543 2752 1705 2792 minime
1720 2765 1874 2791 contra-

1073 2814 1150 2853 xit,
1182 2810 1243 2851 sed
1260 2815 1426 2857 tantum,
1451 2825 1491 2851 ut
1504 2810 1566 2851 fiio
1592 2826 1663 2850 nos
1688 2809 1870 2864 exemplo

1071 2870 1120 2909 ad
1153 2868 1428 2925 suscipiendum
1462 2867 1649 2924 Baptisma
1669 2871 1868 2911 invitaret,

1075 2942 1189 2982 atque
1201 2942 1452 2984 augmentum
1476 2931 1603 2982 gratia:
1628 2942 1693 2982 per
1716 2925 1792 2965 hoc
1806 2930 1870 2967 Sa-

1075 3000 1317 3026 cramentum
1334 2985 1529 3040 liisciperet
1546 3002 1552 3024 :
1588 2983 1762 3039 adeoclue
1772 2987 1867 3040 Bap-

1075 3046 1230 3085 tismum
1241 3044 1357 3089 hunc,
1386 3058 1466 3082 non
1482 3046 1632 3083 tantum
1645 3044 1869 3083 MARIAM

1073 3105 1220 3156 peccati
1240 3101 1435 3157 originalis
1451 3100 1624 3156 ficspeffam
1645 3117 1726 3142 non
1743 3100 1868 3141 reddi-

1073 3158 1311 3199 diss‘e2verum
1325 3163 1449 3213 potius
1458 3165 1657 3216 augmenti
1669 3160 1810 3217 gratiae>
1827 3164 1867 3200 &

1130 3219 1168 3256 O
1181 3231 1206 3256 ο
1746 3221 1838 3257 San-

1877 807 1906 835 in
1915 805 2034 839 Psal.89,
