2159 3508
151 1103 218 1140 1·15.
227 1112 299 1140 ⁰·30·

141 1636 268 1674 l.5.e.1-

137 2043 283 2082 ldeml.15·

133 2094 157 2115 c.
168 2096 191 2122 5.

130 2634 148 2664 1.
156 2635 216 2666 eod.
224 2639 274 2671 c.8.

125 2938 230 2977 3·Reg.

118 2985 142 3006 c.
153 2985 179 3008 ε.

360 108 475 165 274

323 185 443 226 subest
463 188 558 225 ratio
572 213 583 230 ,
623 199 687 225 cur
723 187 805 226 MA
818 199 844 225 R
858 200 871 224 1
886 200 920 224 ΛΞ
964 199 1111 224 nomen

327 244 428 284 oliva
451 256 690 298 comparetur
708 255 718 282 ?
742 242 825 283 haec
847 245 1029 283 nimirum
1051 242 1111 284 vel

328 302 515 346 maxime,
542 301 648 353 quod
687 299 803 342 Oliva
842 300 1111 356 praeclariffima

327 358 371 398 fit
390 358 645 398 immaculatae
676 360 955 413 Conceptionis
980 359 1107 414 figura.

327 415 656 469 quemadmodum
668 420 772 455 enim
790 415 995 457 universale
1015 415 1109 456 illud

326 472 511 513 diluvium
533 473 600 513 {oli
625 476 794 529 pepercit
816 473 938 519 olivae,
966 490 1013 514 ex
1033 473 1108 527 qua

324 545 472 571 ramum
496 530 676 571 columba
722 530 924 586 decerpsit,
955 531 1110 572 detulit-

325 603 397 642 que
419 617 429 633 ,
465 591 505 627 in
518 588 663 644 fignum
674 588 812 644 placati
830 591 1030 635 Numinis,
1053 605 1107 630 re-

323 645 433 699 liquis
450 649 605 687 interim
616 646 760 702 plantis
776 646 1006 702 cataclysmo
1021 651 1104 688 uni-

323 702 456 744 verfim
481 703 704 760 absumptis:
738 705 785 744 fic
809 719 1011 761 peccatum
1029 709 1104 746 ori-

322 760 448 817 ginale
470 761 681 802 humanam
695 777 871 803 naturam
886 777 1008 804 totam
1019 779 1103 804 cor-

319 822 440 874 rupit,
470 819 546 860 una
572 823 730 876 Virgine
759 820 924 867 intaeta,
956 837 1003 861 ex
1026 821 1102 875 qua

320 876 568 932 postmodum
597 893 718 919 ramus
743 882 844 935 pacis
877 877 900 919 a
923 878 1103 919 columba

321 935 470 975 mundo
491 935 633 976 delatus
642 936 714 981 est,
739 938 816 977 hoc
842 936 894 976 est
907 936 1075 978 Christus
1089 966 1098 982 ,

320 992 573 1034 obumbrante
596 997 732 1050 Spiritu
744 997 902 1039 Sancto,
933 1010 1099 1050 concep-

320 1064 402 1093 tus,
429 1066 474 1092 ac
486 1065 606 1092 natus.
648 1052 739 1092 ficut
773 1051 910 1101 (Teste
936 1052 1061 1092 Plinio
1085 1059 1096 1103 )

320 1109 429 1148 Oleam
440 1110 608 1165 profanis
636 1109 755 1164 pollui
772 1108 914 1154 ufibus‚
942 1109 996 1150 fas
1015 1125 1097 1151 non

316 1180 412 1211 erat,
437 1180 479 1206 ut
494 1166 543 1207 ne
565 1166 815 1222 propitiandis
825 1167 980 1222 quidem
997 1170 1094 1222 Dijs,

314 1224 472 1264 accendi
493 1240 539 1264 ex
561 1223 664 1265 oliva
688 1224 829 1265 Altaria
850 1224 1001 1266 liceret:
1043 1226 1091 1267 fic

312 1281 401 1322 licet
428 1296 628 1337 peccatum
655 1282 839 1339 originale
866 1283 1088 1325 sacrificium

312 1340 387 1380 dici
400 1340 532 1395 possit,
556 1355 634 1395 quo
662 1354 720 1381 tot
730 1340 851 1381 millia
876 1345 1088 1383 animarum

311 1399 465 1439 Di'vinae
484 1401 696 1439 mactantur
716 1398 861 1452 justitiae
873 1428 883 1445 ,
918 1399 966 1441 eo
982 1400 1088 1455 quod

309 1471 446 1496 omnes
457 1455 651 1496 nascamur
661 1456 742 1510 Filij
762 1460 843 1497 irae:
867 1472 948 1497 non
960 1458 1087 1498 decuit

312 1526 459 1559 tamen,
504 1513 705 1554 communi
738 1514 815 1554 hoc
847 1529 943 1570 rogo
970 1518 1086 1556 etiam

310 1573 467 1612 MAMAE
477 1575 647 1612 animam
660 1571 776 1612 aduri.
806 1571 926 1629 Qod
938 1573 964 1612 si
983 1573 1087 1614 idem

311 1628 477 1678 Plinius(
498 1645 545 1669 ex
567 1629 854 1685 Theophraste)
877 1644 1009 1686 negat,
1029 1634 1088 1671 in-

309 1686 365 1726 tra
401 1687 650 1743 quadraginta
685 1686 807 1727 millia
832 1687 999 1742 passuum
1021 1717 1030 1733 ‚
1066 1688 1088 1728 a

305 1748 413 1791 mari,
435 1744 563 1785 oleam
573 1744 672 1784 nasci
685 1762 692 1784 :
705 1759 810 1784 mare
820 1743 991 1801 profecto
1003 1760 1090 1802 pec-

305 1815 432 1842 catum
447 1802 500 1842 est
523 1801 727 1859 originale,
762 1806 803 1843 in
823 1817 901 1857 quo
922 1817 981 1844 tot
1002 1808 1082 1844 ani-

302 1875 451 1902 marum
471 1859 592 1901 secuta
632 1859 826 1917 naufragia
843 1878 853 1907 3
884 1861 946 1901 sed
984 1862 1082 1902 nihil

302 1918 392 1958 huic
416 1921 536 1963 mari,
566 1924 606 1960 ὃς
622 1920 797 1963 MAR1AE,
820 1917 929 1973 aquo
948 1920 1081 1975 procul

302 1982 342 2017 &
362 1990 552 2032 concepta
576 2005 586 2022 ,
624 1983 664 2018 ὃς
692 1990 782 2017 nata
805 1976 871 2022 est.
929 1979 1084 2019 Ponun-

302 2047 361 2073 tur
381 2037 640 2076 communiter
662 2035 762 2074 olivae
782 2040 905 2076 versus
920 2036 1082 2077 Favoni-

302 2106 390 2137 um,
419 2091 560 2132 inloco
583 2091 661 2133 Soli
678 2091 869 2148 expolito:
896 2092 944 2133 fic
956 2097 1081 2150 Virgi-

299 2153 356 2189 nis
377 2153 547 2191 animam
567 2164 650 2190 non
671 2150 720 2190 ad
735 2150 912 2206 frigidam
923 2152 1080 2206 Aquilo-

297 2211 354 2248 nis
369 2206 543 2264 plagam,
582 2207 754 2264 Solisc'lue
786 2223 1002 2264 expertem,
1038 2225 1080 2251 ut

296 2265 460 2320 reliquos
471 2265 696 2312 hominum,
727 2265 913 2322 plantavit
930 2269 1077 2314 DEUS,

298 2322 359 2363 sed
379 2323 427 2363 ad
437 2325 648 2364 Favonium
670 2330 711 2367 &
729 2323 879 2371 Solem,
910 2325 987 2366 hoc
1003 2326 1075 2373 est,

298 2384 338 2420 in
361 2380 456 2422 statu
480 2385 610 2437 gratiae
627 2411 639 2427 ,
683 2381 913 2438 plenamQue
938 2387 1075 2440 Spiritu

298 2441 445 2480 SanEm.
506 2439 647 2481 Oleam
676 2439 792 2495 porro
837 2441 863 2481 fi
899 2439 1074 2484 lamben-

299 2497 350 2537 do
369 2512 480 2553 capra
489 2498 764 2544 momorderit,
792 2499 1074 2555 depaveritQue,

295 2559 420 2611 primo
445 2559 659 2611 germinatu
694 2555 938 2603 sterilescere,
969 2559 1074 2600 idem

294 2613 455 2654 adnotat
478 2612 638 2653 Plinius:
661 2613 708 2653 fic
727 2614 956 2656 sterilisceret
992 2632 1071 2657 cer-

292 2669 330 2711 te
346 2675 466 2727 Virgo
478 2699 489 2716 ,
519 2685 590 2712 nec
599 2669 688 2711 esset
697 2671 813 2727 digna
823 2675 950 2714 Mater
968 2676 1073 2723 DEI,

291 2729 449 2784 siprimo
478 2742 667 2785 conceptu
691 2729 883 2770 infernalis
902 2746 988 2772 eam
1009 2748 1071 2774 ca-

292 2801 359 2841 pra
393 2785 546 2827 libasset.
603 2789 662 2827 En
677 2801 817 2841 quanta
839 2788 958 2834 oliwae,
980 2805 1068 2832 cum

290 2843 532 2885 immaculata
565 2847 613 2886 M
623 2861 648 2885 A
663 2859 688 2885 R
701 2861 715 2884 1
727 2861 761 2885 AE
799 2848 1069 2902 Conceptione

288 2906 575 2943 convenientia!
606 2905 739 2944 Nemo
758 2906 870 2958 igitur
884 2908 1040 2945 miretur
1055 2933 1066 2950 ,

288 2957 314 2996 fi
336 2962 454 3000 Sacris
476 2964 591 3001 etiam
618 2965 656 3001 in
685 2965 830 3017 paginis
865 2960 965 3018 legat
988 2978 995 3000 :
1023 2967 1064 3005 in

737 89 827 147 De
843 85 1129 164 Concepta
1143 86 1291 146 Sacra
1303 87 1549 166 Deipara‚

1160 189 1266 240 gnis,
1296 185 1412 239 quiam
1428 187 1475 226 de
1500 187 1611 243 lignis
1631 190 1822 237 Oliwamm,
1854 194 1942 231 cum

1160 246 1265 282 enim
1276 243 1398 284 Arbor
1409 244 1491 284 hacc
1504 244 1645 300 semper
1656 251 1755 302 pacis
1767 277 1778 294 ,
1812 264 1854 289 ac
1868 253 1939 288 mi-

1159 300 1368 341 sericordiae
1405 301 1619 356 symbolum
1665 304 1774 345 fuerit
1793 335 1802 351 ,
1837 308 1940 359 juxta

1159 358 1253 398 illud
1278 361 1403 398 Poeta:
1422 377 1428 398 :

1237 414 1394 471 Adjuwat
1409 418 1441 455 in
1460 416 1673 480 beHo-pacatae
1697 434 1803 457 ramws
1823 419 1936 460 olivae.

1158 472 1417 529 designabatur
1428 474 1528 514 certe
1539 490 1616 528 jam
1627 480 1708 515 tum
1724 505 1733 521 ,
1767 491 1830 531 per
1844 477 1936 517 ostia
1984 489 1986 491 ’

1158 530 1246 571 illa:
1277 532 1529 572 Sacratiffimae
1549 536 1714 588 Virginis
1744 536 1937 574 MAR1AE

1157 591 1481 646 Conceptionem,
1503 606 1585 644 quat
1594 590 1729 631 nostrae
1743 591 1937 647 Redemp-

1156 650 1270 687 tionis
1310 648 1430 687 futura
1460 648 1657 702 quondam
1686 662 1764 689 erat
1795 651 1936 703 janua,

1155 718 1237 744 non
1256 706 1322 745 nifi
1345 709 1503 761 gratiam
1518 733 1529 748 ‚
1559 721 1711 760 pacem,
1739 722 1782 746 ac
1795 706 1933 747 miseri-

1152 763 1324 803 cordiam
1335 763 1438 806 fore,
1475 778 1587 817 atque
1604 779 1697 819 opus
1717 768 1933 820 omnigenis

1150 820 1352 877 privilegijs
1399 821 1630 862 decoratum.
1709 825 1811 863 Sicut
1839 837 1930 878 ergo

1153 877 1284 918 olivam
1300 879 1488 934 pulchram,
1500 879 1667 935 speciostzm
1683 905 1693 922 ‚
1707 888 1769 922 &a
1795 882 1929 921 vocavit

1151 936 1187 973 D
1200 941 1226 974 0
1238 938 1415 975 ‘MINLZ
1425 941 1451 975 S
1467 939 1598 977 Nomen
1614 939 1689 991 ejus
1701 967 1710 983 ‚
1741 938 1788 978 fic
1811 942 1927 978 etiam

1147 991 1195 1032 ab
1214 993 1471 1034 Ecclefiastico
1498 995 1584 1051 quafi
1608 996 1704 1036 Oliva
1724 997 1859 1052 speciofiz
1893 997 1926 1035 in

1146 1053 1264 1106 campis
1278 1054 1423 1092 MARIA
1438 1052 1720 1108 depraedicatur.
1752 1055 1840 1095 vere
1847 1053 1926 1110 spe-

1146 1108 1244 1149 ciosa
1263 1110 1353 1150 oliva
1367 1139 1377 1156 ,
1404 1112 1506 1163 cujus
1518 1112 1679 1150 Genitus
1693 1113 1925 1167 Specioswsfhr-

1142 1166 1197 1206 mc?
1207 1168 1364 1224 praefilijs
1384 1168 1540 1207 hominum
1554 1197 1564 1213 ‚
1592 1168 1734 1209 Oleum
1754 1170 1806 1210 est
1831 1169 1922 1211 effu-

1140 1223 1229 1264 sum.
1251 1225 1387 1282 Speciosa
1409 1225 1518 1281 stirpe
1545 1225 1646 1280 Filij:
1676 1228 1811 1282 Speciosa
1826 1227 1920 1268 flore

1139 1286 1394 1338 cogitatuum:
1425 1283 1562 1339 Speicoſsz
1599 1283 1746 1336 'fronde
1786 1286 1920 1326 verbo-

1137 1355 1244 1380 rum:
1274 1341 1544 1397 Specioſsziiuchi
1569 1357 1749 1398 operum:
1782 1344 1919 1399 Speciofic

1135 1398 1305 1439 medulla
1321 1403 1497 1439 omnium
1511 1404 1714 1455 gratiarum
1734 1430 1744 1447 ,
1775 1401 1892 1442 verbo
1903 1432 1915 1448 ‚

1136 1455 1234 1496 adeo
1256 1457 1392 1512 Speciofit
1409 1484 1419 1499 ‚
1449 1471 1489 1497 ut
1500 1458 1827 1511 quemadmodum
1840 1459 1917 1500 Sal-

1136 1527 1244 1554 vator
1270 1514 1395 1553 noster
1430 1513 1729 1571 benigniffimus,
1769 1517 1916 1558 adulte-

1135 1573 1232 1611 rium
1256 1570 1363 1627 lapsae
1375 1571 1470 1613 illius
1491 1573 1659 1613 foeminae
1675 1575 1916 1615 condonatu-

1135 1643 1206 1674 rus,
1226 1644 1272 1668 ex
1293 1629 1461 1668 olivarum
1473 1644 1625 1674 monte,
1649 1631 1696 1686 ad
1707 1632 1916 1688 Templum

1136 1685 1347 1726 descendit:
1378 1687 1539 1728 ficidern
1550 1689 1812 1744 Redemptor,
1841 1704 1914 1730 no,

1140 1742 1195 1784 bis
1214 1743 1393 1785 omnibus
1413 1750 1548 1800 gratias
1584 1744 1661 1786 suas
1687 1745 1882 1802 largiturus
1899 1777 1911 1793 ,

1138 1817 1185 1842 ex
1196 1801 1269 1843 hac
1281 1802 1380 1842 olive?
1396 1801 1574 1858 pulchra,
1603 1819 1742 1860 nempe
1752 1807 1910 1851 Mmua,

1131 1860 1179 1900 ad
1195 1875 1264 1901 nos
1281 1859 1506 1901 descendere
1517 1861 1688 1903 voluerit.
1734 1865 1807 1903 Pro
1824 1865 1909 1904 Ma-

1131 1921 1244 1958 rianae
1273 1922 1385 1974 igitur
1399 1918 1505 1972 hujus
1527 1920 1628 1959 olivae
1644 1920 1802 1960 tutanda
1826 1921 1907 1977 pul-

1130 1976 1346 2017 chritudine
1358 2005 1369 2021 ‚
1399 1991 1442 2016 ac
1461 1976 1638 2033 originali
1654 1978 1906 2034 speciofitate‚

1128 2034 1266 2074 merito
1278 2033 1512 2076 Christianus
1540 2049 1703 2076 armatur
1721 2035 1854 2077 Orbis:
1880 2037 1905 2077 fi

1129 2094 1234 2132 enim
1258 2092 1421 2132 Helenae
1452 2091 1696 2148 pulchritudo
1746 2099 1905 2136 armavit

1129 2151 1340 2193 Graeciam,
1371 2154 1578 2191 concitavit
1599 2154 1755 2208 Regna:
1788 2153 1812 2192 fi
1838 2153 1904 2194 de-

1127 2223 1213 2248 cern
1230 2211 1359 2254 annis,
1388 2223 1455 2264 per
1477 2222 1535 2249 tot
1554 2208 1699 2254 clades,
1729 2224 1837 2251 tanto
1847 2210 1905 2251 fu-

1127 2265 1166 2305 so
1177 2265 1367 2322 sanguine,
1394 2281 1463 2322 pro
1475 2265 1537 2306 illa
1548 2282 1760 2323 pugnatum
1773 2301 1779 2308 .
1795 2268 1819 2308 fi
1832 2284 1903 2310 no-

1127 2338 1217 2364 men
1241 2323 1411 2380 speciosae
1447 2324 1608 2365 Helenae
1633 2324 1705 2366 vile
1734 2341 1814 2366 non
1831 2326 1902 2368 fuit

1124 2385 1300 2437 pretium,
1330 2396 1400 2425 tot,
1423 2381 1692 2438 tantorumc'iue
1704 2383 1899 2426 laborum:

1123 2455 1188 2480 cur
1200 2444 1389 2496 Virgineae
1410 2440 1545 2481 nostrae
1559 2442 1660 2480 Olivae
1679 2443 1899 2484 immacula-

1124 2511 1160 2537 ta
1201 2498 1443 2553 pulchritudo
1473 2514 1554 2539 non
1587 2502 1657 2540 erit
1691 2500 1796 2554 aeque
1817 2501 1900 2557 dig-

1123 2570 1216 2596 num
1256 2560 1416 2613 pretium
1446 2571 1637 2597 armorum
1656 2557 1893 2599 nostrorum?

1121 2628 1335 2670 pugnemus
1352 2614 1444 2671 ergo
1457 2630 1526 2670 pro
1537 2614 1600 2655 illa
1615 2615 1761 2655 fortiter
1771 2645 1781 2661 ,
1801 2631 1842 2656 ac
1856 2616 1899 2656 fi-

1122 2686 1185 2712 cut
1200 2672 1399 2713 luctatores
1414 2701 1426 2718 ,
1463 2672 1616 2728 elapsuri
1636 2672 1808 2713 manibus
1832 2674 1898 2715 ad-

1119 2729 1362 2771 vei-&riorum
1409 2729 1557 2770 luorum
1579 2759 1590 2775 ,
1631 2730 1692 2771 oleo
1728 2732 1900 2774 membra

1117 2787 1332 2832 obliniunt,
1364 2792 1416 2827 ita
1431 2794 1469 2829 ὃ(
1490 2802 1582 2833 nos,
1610 2787 1770 2829 delibuti
1783 2789 1898 2832 balsa-

1118 2859 1186 2885 mo
1208 2845 1418 2885 dulciffimo
1436 2875 1446 2891 ,
1474 2847 1656 2886 Nominis
1676 2849 1897 2889 immacula-

1117 2916 1163 2943 tae
1175 2906 1350 2959 Deiparae
1367 2932 1378 2950 ‚
1406 2906 1665 2944 cuminimicis
1674 2904 1808 2945 nostris
1819 2906 1894 2946 for-·

1115 2964 1200 3001 titer
1217 2960 1526 3017 congrediamur!
1557 2961 1605 3002 fic
1625 2965 1695 3002 erit
1714 2991 1725 3008 ,
1758 2977 1798 3003 ut
1812 2963 1890 3019 ple-

285 3015 533 3058 aedificatione
545 3017 931 3074 splendidiffimiillius
944 3024 1062 3061 Tem·
1111 3022 1152 3058 ni
1178 3022 1357 3073 victorijs‚
1389 3022 1489 3074 pacis
1520 3020 1676 3060 tandem
1702 3020 1818 3065 Oliva,
1847 3024 1885 3059 in

283 3072 576 3125 pliSalomonici
591 3105 602 3121 ,
634 3077 682 3117 ad
707 3077 909 3133 ingressum
926 3093 1058 3119 oracu-

277 3129 301 3169 li
313 3157 323 3173 ‚
355 3129 449 3172 ostia
467 3130 568 3173 fuiffe
577 3134 695 3188 posita
712 3161 725 3180 >
754 3151 835 3177 non
847 3136 895 3177 de
908 3136 987 3191 alijs
1011 3136 1053 3179 li-

1139 3079 1312 3134 Regione
1324 3080 1423 3133 pacis
1435 3106 1445 3122 ,
1474 3077 1665 3118 mediante
1678 3077 1857 3132 Deipara‚

1233 3138 1415 3176 ¹‘eternum
1441 3135 1753 3177 condecoremur.

1752 3197 1783 3239 §-
1826 3207 1858 3233 2-.

1944 998 1966 1020 c.
1975 995 2095 1032 24.v.1).
