2169 3496
748 75 989 136 Praefatio
1021 76 1089 138 ad
1113 76 1421 143 Lestoremss

137 163 344 220 ›quecausae
365 165 502 209 nostrae
512 167 679 221 judicem
695 193 707 211 ,
736 167 987 224 virgineique
1011 170 1169 212 honoris
1188 187 1515 229 propugnatorem
1541 173 1802 218 zelofiffimum
1814 176 1941 224 sunul,
1966 192 2012 220 ac

146 224 448 275 potentiffimum
463 256 473 272 ‚
501 225 708 282 specialiter
720 225 741 266 a
756 228 872 267 DEO
890 226 1131 268 submissum?
1158 232 1233 272 Cui
1250 232 1451 287 propterea
1464 233 1604 274 dictam
1617 238 1832 276 transveeto
1844 236 2012 292 plateam

145 278 250 320 haud
264 282 481 331 immerito,
511 285 559 325 ad
577 284 678 325 horti
691 284 1027 326 nostriMonastici
1041 301 1217 335 murum,
1245 289 1531 332 Festiviffimum
1543 295 1689 348 Pegma
1705 297 1872 334 ere-&um
1891 324 1902 340 ,
1939 309 2011 334 no-

145 336 282 393 c'tuc'lue
292 342 558 396 gratulabundi
575 373 583 388 ‚
613 358 657 382 ac
669 342 856 383 artificiosi
873 346 1001 399 ignes,
1032 358 1113 385 tam
1133 349 1173 386 in
1185 348 1326 387 eodem
1344 347 1481 395 horto,
1514 349 1633 404 quam
1648 366 1696 392 ex
1716 351 1885 392 altissima
1897 355 2012 393 Turri

143 396 273 438 nostra
292 401 456 444 accensi,
487 400 706 457 plaususdue
730 399 891 446 insoliti,
919 416 1002 440 non
1027 406 1069 442 in
1085 404 1228 460 Vigilia
1252 408 1404 446 tantum
1419 434 1430 450 ,
1456 407 1519 448 sed
1538 415 1577 450 Sc
1594 412 1634 448 in
1660 408 1740 465 ipsa
1766 414 1885 451 Sacrae
1901 412 2012 451 Con-

140 471 329 524 ceptionis
344 470 571 517 festivitate,
595 469 721 510 nescio
736 465 843 510 CVI
861 471 1009 525 potius?
1036 484 1085 510 an
1099 474 1282 512 nimirum
1299 470 1547 530 Conceptae
1569 472 1745 532 Virgini
1783 475 2014 519 Immacu-

142 529 253 581 latae‚
285 544 326 580 in
344 534 512 580 Carolo
525 536 597 579 VI.
624 538 684 581 vel
712 532 881 579 Carolo
894 534 971 578 VI.
1006 541 1046 579 in
1066 532 1301 595 Concepta
1328 540 1517 601 Virgine
1551 538 1881 588 Immaculata?
1928 549 2010 590 dati

144 594 296 639 fuerunt
315 598 363 639 ab
378 597 614 639 Udalricanis
626 626 636 642 ,
677 600 825 651 utrique
837 596 1093 638 devotissimis.

313 657 443 696 Habes
462 670 575 711 ergo,
604 657 742 696 Lector
759 654 996 695 amiciffime!
1026 654 1148 696 causas
1183 654 1361 713 suscepti,
1390 659 1468 700 hoc
1501 675 1696 717 tempore,
1729 665 1873 721 negotij
1900 667 1976 704 mei
1997 694 2011 711 ,

144 713 198 752 De
209 715 353 771 conceptd
366 714 464 753 SacraA
482 713 641 769 Deipard‘,
672 711 883 768 quodlicet
897 727 991 769 opus
1012 713 1167 755 fortaffis
1187 719 1368 772 exiguum
1394 719 1462 758 tibi
1496 720 1614 760 videri
1645 721 1771 777 poffir,
1803 736 1936 777 utpote
1960 722 2011 763 de

143 771 330 827 Mysterio
346 802 356 817 ,
385 771 521 812 nostris
543 774 620 824 jam
649 770 885 827 temporibus
898 800 908 817 ‚
940 787 1007 828 per
1023 771 1177 829 seipsum
1199 774 1298 815 adeo
1314 778 1615 824 commendato,
1645 794 1685 820 ut
1701 783 1795 820 meis
1815 779 1912 820 ultra
1929 780 2011 821 lau-

143 828 255 871 dibus
267 829 607 885 minim‘eindigeat
627 847 637 876 ς
668 829 770 870 haud
791 842 924 870 tamen
938 833 1079 886 exiguo
1096 830 1227 872 labore
1253 834 1396 874 confici
1433 836 1613 890 potuiile,
1648 837 1758 878 facile
1781 838 1850 879 tibi
1865 838 2010 894 perlua-

140 885 405 934 sumhabebis,
438 888 462 928 si
482 903 563 927 non
580 902 658 928 tam
669 891 869 929 materiam
889 887 1026 945 ipsam,
1060 904 1144 942 quae
1163 894 1275 932 unica
1287 891 1362 937 est,
1395 894 1659 941 consideratis,
1689 896 1809 950 quam
1820 897 2008 953 multipli-

141 949 201 985 cia
213 948 330 987 Sacra:
351 949 569 1001 Scriptum,
597 949 773 989 patrum,
805 948 1040 989 Rationum,
1072 947 1351 995 Historiarum,
1380 952 1652 1006 Symbolorum
1669 983 1679 1000 ,
1710 958 2006 1010 Antiquitatum,

138 1005 504 1060 Anagrammatum,
534 1003 676 1060 {eptem
693 1003 887 1045 Indicibus
912 1005 1179 1046 instructorum
1194 1037 1203 1052 ,
1244 1007 1413 1064 iusti-agia
1435 1013 1700 1066 perpenderis,
1728 1029 1772 1053 ac
1792 1013 2007 1070 septingen-

138 1073 178 1102 ta
192 1061 362 1119 insuper,
393 1062 496 1119 super
518 1077 659 1108 unum,
690 1061 935 1118 eundemc'Jue
953 1079 1171 1105 currentem
1194 1069 1371 1112 Annum,
1403 1068 1752 1126 chronographica
1774 1072 2004 1127 ponderatis.

136 1119 241 1161 Mihi
260 1120 362 1161 certe
380 1124 580 1177 negotium
602 1121 697 1162 istud
719 1120 900 1162 Saeculare
917 1151 927 1167 ,
960 1122 1144 1179 denegatio
1169 1125 1307 1164 omnium
1323 1124 1504 1180 fieculorum
1522 1158 1532 1174 ,
1562 1129 1724 1169 minime
1757 1130 2006 1187 irreligiosum

136 1179 256 1219 visum
277 1179 350 1220 est:
383 1194 454 1220 nec
467 1178 738 1220 infructuosum
765 1182 880 1219 etiam
897 1176 1001 1220 fuisse
1027 1181 1216 1222 videbitur
1230 1213 1240 1229 ‚
1269 1183 1293 1222 fi
1312 1183 1567 1240 Tibiquoque
1583 1190 1807 1244 Conceptus
1824 1193 1900 1229 mei
1912 1189 2005 1230 stru-

137 1238 284 1278 &uram
307 1251 387 1278 non
402 1236 621 1283 displicuisse
637 1237 886 1283 intellexero,
918 1240 1266 1295 Qemadmodum
1299 1245 1404 1282 enim
1426 1259 1559 1284 eorum
1571 1246 1675 1300 quasi
1690 1251 1889 1293 omnium,
1919 1263 2004 1303 quae

136 1295 186 1336 de
200 1296 418 1337 Beatiffimae
446 1289 612 1351 Virginis
637 1296 823 1352 puriffima
851 1299 1144 1352 Conceptione‚
1188 1314 1258 1354 pro
1284 1302 1512 1345 Concione,
1545 1318 1608 1344 aut
1630 1304 1809 1351 discursu,
1841 1307 2002 1361 produci

135 1353 310 1409 possunt,
342 1354 454 1394 breve
479 1354 678 1408 quoddam
700 1354 856 1393 exhibet
880 1356 1180 1409 compendium3
1213 1356 1259 1396 sic
1276 1357 1325 1397 eo
1339 1357 1430 1398 Tibi
1457 1365 1608 1414 gratius,
1641 1378 1685 1403 ac
1700 1362 1905 1404 utiliuseffe
1932 1380 2001 1421 po-

137 1415 249 1458 terit,
280 1427 358 1466 quo
373 1410 493 1467 magis
515 1417 610 1451 tanti
631 1411 972 1466 MarianiMysterij
993 1442 1002 1456 ,
1032 1428 1075 1452 ac
1099 1418 1356 1470 praerogativa>
1373 1416 1513 1457 devort}
1535 1420 1746 1466 credendae,
1767 1422 2001 1479 Vi1-gfine2cq5

136 1475 240 1526 opis,
274 1485 343 1525 pro
354 1469 533 1511 evitanda
553 1472 688 1515 omni,
720 1484 802 1509 tum
821 1474 1014 1525 corporis,
1049 1485 1132 1511 tum
1162 1475 1300 1513 animae
1317 1474 1468 1515 macula
1488 1505 1498 1521 ‚
1530 1478 1719 1518 continuo
1747 1480 2002 1535 implorandae

125 1527 315 1570 'studiosus
334 1528 451 1568 fueris.
513 1527 667 1584 Perlege
704 1531 836 1584 igitur,
869 1528 894 1567 si
920 1527 1047 1573 lubet,
1078 1529 1189 1570 omni
1218 1544 1348 1572 tamen
1378 1548 1531 1575 remoto
1565 1535 1783 1591 supercilio,
1814 1539 2002 1594 omnique

133 1587 302 1628 censoria
323 1586 467 1640 abjecta
507 1586 716 1642 potestate,
747 1588 996 1643 Conceptum
1037 1588 1140 1628 hunc
1159 1589 1569 1647 Chronographicum,
1603 1594 1781 1636 &fruere
1820 1596 2000 1653 dapibus,

133 1661 228 1700 quas
247 1645 308 1686 ille
337 1645 405 1686 tibi
437 1648 642 1702 proponit,
674 1642 779 1685 dulci
813 1646 1059 1701 Deipatentis
1080 1648 1270 1688 memoria
1298 1651 1484 1691 conditis!
1513 1652 1537 1691 fi
1567 1651 1731 1709 sapiant,
1765 1654 1813 1694 da
1835 1655 1998 1710 gloriam

134 1706 253 1746 DEO
268 1734 277 1750 ‚
310 1702 555 1758 ejusdemdue
570 1702 825 1744 immaculata:
841 1705 982 1744 Matri:
1014 1703 1220 1760 fiinfipidae
1238 1707 1461 1755 videantur,
1489 1712 1998 1768 compatet-escriptorisim-

131 1761 352 1808 becillitati,
382 1760 611 1819 culpamt'que
639 1761 1092 1818 occupationibuspotius
1109 1765 1413 1812 parochialibus,
1445 1768 1672 1826 calamot'lue
1688 1774 1993 1828 rnmtisprafflco

216 1819 406 1868 adscribe,
436 1820 553 1877 quam
581 1819 790 1863 voluntati,
825 1835 909 1875 quae
934 1835 1007 1861 nec
1037 1836 1194 1877 peccare
1217 1826 1257 1862 in
1289 1826 1562 1868 MARIAM
1583 1858 1593 1874 ,
1633 1829 1708 1871 sine
1734 1844 1895 1886 peccato

492 1893 726 1938 conceptam
747 1878 870 1922 voluit
883 1908 895 1926 ,
926 1893 998 1920 nec
1013 1882 1190 1934 cuiquam
1199 1880 1398 1938 displicere
1409 1887 1585 1927 intendit.

763 1937 957 1980 Diuvale!
1006 1953 1050 1978 ac
1062 1939 1219 1979 tandem
1239 1944 1322 1982 vive

938 2011 1004 2053 pet
1026 1996 1190 2039 Saecula!

1058 3182 1112 3250 (b
1146 3187 1202 3249 2)
1831 3193 1940 3244 IN-
