2159 3508
794 82 1112 164 Conceptus
1165 67 1467 145 LXXV111.‘

266 164 454 221 plantata,
485 169 534 210 de
571 168 647 226 qui
682 170 839 226 ipsemet
867 172 1044 217 testatur,

99 241 154 263 ez.
170 242 244 264 mi.
266 238 333 279 per
344 241 387 266 os
396 229 572 269 Ieremiae.
628 230 701 285 Ego
728 244 834 269 autem
850 230 1046 288 plantavite

263 284 395 323 ‘vineam
405 286 545 331 elefilam.
571 287 653 327 haec
663 301 742 327 erat
752 287 817 328 illa
827 294 937 329 vinea
949 302 1045 328 nun-

263 355 381 395 quam
393 344 626 385 vindemiata
635 344 657 385 ὲ
669 344 826 386 diabolo
837 375 847 391 ,
878 348 979 400 cujus
992 348 1047 386 vi-

265 413 321 439 tes
342 400 508 443 millenae
528 406 654 459 gratiae
672 432 682 448 ,
713 418 910 458 nunquam
925 402 1048 443 infeli-

269 457 305 497 ci
316 457 414 500 ferro
425 465 569 516 peccati
583 460 741 517 praecisae
755 476 763 499 :
793 461 879 502 vere
891 461 1049 517 ipsamet

271 519 358 556 vitis
380 518 518 564 electa,
545 519 680 574 jugiter
694 518 845 575 alligata
855 519 903 559 ad
919 518 1049 574 palum

273 576 582 632 Omnipotentiae
592 576 845 632 praeservantis
855 605 866 622 ,
902 579 955 617 ita
975 590 1015 617 ut
1026 575 1053 615 fi

274 647 376 679 uvae,
408 649 538 674 recens
565 648 713 680 enatae,
753 633 966 689 symbolum
987 649 1053 690 ap-

272 689 432 746 plicatur
450 708 458 732 :
484 692 556 731 Vax
574 692 822 747 nataficstineor,
844 692 892 732 de
903 695 1052 733 Minui

273 747 350 788 dici
362 748 499 790 debeat
515 766 522 789 :
547 751 626 789 Vix
637 761 778 806 concepta
778 749 938 805 fhstineor.
955 749 1053 791 adeo

272 809 454 847 nimirum
493 806 594 848 bases
630 807 892 863 primordiales
918 837 928 854 ,
973 822 1053 849 tam

273 864 609 920 praedestinationis
621 867 697 919 ejus
712 895 723 911 ,
756 865 873 920 quarn
887 881 1054 922 concep-

272 925 406 968 tionis,
435 922 634 964 collocatae
648 923 800 964 fuerunt
829 924 876 965 ab
902 927 1053 965 auctore

270 983 398 1036 gratiae
417 983 457 1021 in
470 980 534 1022 illst
553 980 802 1026 sublimitate,
832 998 875 1023 ac
887 982 1054 1023 altitudi-

269 1053 318 1078 ne
331 1038 570 1094 perfec'tionis
581 1069 592 1087 ,
623 1055 701 1095 quo
713 1040 945 1095 reliquorum
960 1044 1053 1082 San-

269 1099 418 1138 &orum
455 1096 577 1154 gloria
621 1113 821 1152 nunquam
867 1103 1052 1154 pervenit.

269 1155 411 1195 Dicere
431 1155 603 1212 profesto
617 1186 628 1203 ,
667 1156 715 1197 de
739 1155 799 1197 sua
820 1156 891 1197 hac
914 1157 1025 1198 vinea
1039 1186 1050 1203 ‚

269 1227 418 1268 poterat
438 1213 612 1255 Coelestis
647 1215 814 1270 agricola
834 1232 840 1254 :
873 1215 962 1273 Qid
979 1216 1018 1269 est
1039 1244 1050 1261 ,

268 1270 352 1326 quod
364 1270 456 1310 debui
467 1272 552 1311 ultra*
561 1272 673 1326 facere
692 1274 793 1312 vineae
813 1289 886 1312 mcae
897 1302 907 1319 ,
939 1281 978 1316 (9‘
991 1289 1051 1313 non

259 1329 407 1383 fecici?
437 1329 571 1370 nonne
586 1330 703 1371 ditavi
728 1330 833 1370 illam
857 1345 915 1372 tot
937 1331 1048 1372 bonis

268 1390 457 1442 gratuitis,
476 1403 518 1428 ac
528 1387 866 1443 supernaturalibus
878 1415 889 1431 ,
916 1403 957 1429 ut
967 1389 1051 1446 glo*

259 1444 370 1495 riolae
389 1447 465 1498 ejus
488 1449 625 1485 animae
650 1445 747 1485 nihil
780 1445 941 1486 defiierit
969 1446 1051 1503 pul-

259 1501 489 1542 chritudinis
505 1501 699 1559 spiritualis
716 1533 726 1549 ‚
761 1507 891 1560 gratiae
903 1533 913 1550 ,
930 1508 1052 1546 &vir-

263 1573 389 1601 tutum
414 1560 661 1607 Coelestium‚
689 1577 772 1616 quae
787 1564 941 1603 Divinae
952 1562 1050 1604 futu-

266 1633 314 1658 rae
351 1621 467 1660 Matri
496 1619 567 1660 esse
603 1633 781 1676 poterant
813 1624 1051 1662 convenien-

265 1690 319 1718 tes
336 1690 348 1717 .>
377 1676 511 1717 nonne
536 1678 696 1734 dignam
712 1677 861 1718 reddidi
876 1678 976 1720 hanc
994 1683 1050 1721 vi-

264 1749 379 1775 neam
420 1749 548 1776 meam
570 1765 580 1781 ,
612 1750 654 1777 ut
685 1736 893 1792 producere
929 1737 1049 1794 posset

262 1792 533 1840 iiiaviffirnam‚
564 1799 605 1836 &
630 1796 819 1835 Divinam
871 1798 999 1837 Uvam
1032 1826 1043 1843 ‚

263 1852 402 1892 Filium
417 1867 557 1909 nempe
571 1854 613 1893 D
629 1854 659 1893 E
672 1854 711 1892 1.»
742 1855 840 1893 Haec
863 1857 1047 1895 nimirum

260 1910 432 1966 ipsissima
451 1910 504 1951 est
523 1913 575 1951 D.
587 1913 748 1962 Joannis
769 1911 886 1952 nostri
899 1914 1047 1954 Dama.

264 1970 363 2008 {ceni
376 1967 576 2010 sententia:
611 1970 721 2008 Vinea
731 1969 890 2009 uberrima
903 1970 1047 2027 pullula-

262 2027 316 2066 ’νὴ
342 2043 383 2065 ex
416 2026 537 2073 Annei,
575 2041 670 2084 atque
699 2036 809 2069 Uvam
829 2026 1046 2085 ficawzffimam

254 2085 410 2141 protulit,
441 2097 548 2142 nempe
569 2085 735 2140 Christum,
760 2086 867 2126 nefiar
900 2087 1045 2127 mortali-

260 2144 319 2182 Zuae
361 2142 550 2198 fundentem
587 2173 597 2190 ‚
646 2145 679 2182 in
727 2145 832 2184 'vitam
888 2159 1042 2185 aeternam.

260 2203 367 2242 Hinc
383 2201 457 2247 est,
488 2202 592 2256 quod
618 2204 656 2241 in
675 2202 775 2242 hanc
788 2206 953 2244 Vineam
975 2219 1041 2244 ex-

256 2260 454 2300 cciiiffimae
466 2259 604 2301 fuerint
615 2259 765 2301 collatae
776 2260 1038 2317 perfectione&

258 2333 302 2358 ac
328 2321 586 2374 praerogativae
607 2337 616 2365 ς
658 2321 699 2359 in
714 2318 815 2359 hanc
827 2324 932 2360 enim
945 2335 1041 2361 con-

259 2376 447 2417 ferebatur
487 2375 509 2417 ὲι
535 2376 695 2418 Coelesti
725 2377 892 2433 agricolai
932 2393 1042 2420 amor

258 2435 529 2475 ardentiffimus
554 2435 868 2490 Seraphinorum,
899 2434 1043 2493 sapien-

258 2496 311 2533 tia
330 2493 614 2549 profundiffirna
626 2492 957 2542 Cherubinorum,
973 2495 1043 2536 sta-

259 2550 383 2592 bilitas
411 2551 614 2592 firmiffima
657 2552 909 2594 Thronorum
926 2582 936 2598 ,
978 2569 1042 2594 au-

258 2609 418 2650 thoritas
463 2609 691 2650 admiranda
729 2612 1013 2667 Principatuum
1029 2641 1040 2658 ,

257 2671 461 2724 imperium
505 2667 773 2723 ampliffimum
813 2671 1039 2711 Dominari-

256 2725 395 2772 onum,
425 2726 717 2767 eminentissima
745 2726 900 2768 facultas
930 2730 1041 2769 Pote-

255 2781 412 2829 statum',
440 2783 495 2824 stu
500 2784 720 2839 pendiffima
731 2785 903 2842 prodigia
913 2789 1042 2829 Virtu-

257 2839 339 2881 tum
363 2870 374 2886 ,
412 2841 602 2882 celfiffima
631 2843 797 2900 dignitas
819 2844 1043 2902 Archange-

255 2899 381 2939 l'orum
396 2927 406 2944 ‚
451 2903 638 2955 protectio
664 2901 940 2957 vigilantiffima
959 2906 1039 2945 An-

253 2956 449 3015 gelorum,
481 2956 573 2997 fides
610 2957 781 3000 altiffima
804 2962 1038 3003 Patriarcha-

254 3016 339 3056 rum
354 3044 365 3061 ,
395 3018 570 3070 cognitio
589 3015 810 3057 lucidiffima
830 3018 1038 3074 Propheta-

254 3074 365 3117 rum,
396 3072 570 3114 doctrina
592 3072 844 3116 sublimiffima
873 3077 1036 3132 Aposto-

258 3131 384 3173 lorum
395 3159 406 3178 ‚
444 3131 658 3174 constantia
675 3133 911 3175 invictiffirna
932 3137 1036 3178 Mar-

92 1967 172 1994 Orat.
183 1975 192 1993 1

91 2007 123 2036 de
133 2009 228 2036 Nativ.

1094 186 1241 228 tyrum,
1272 174 1476 215 tolerantia
1488 173 1746 231 perfeffiffima
1767 178 1875 217 Con-

1093 229 1271 271 fefforum
1295 261 1306 278 ,
1346 238 1484 288 puritas
1524 236 1764 289 integerrima
1792 238 1877 274 Vir-

1096 291 1231 344 ginum
1253 318 1263 335 ,
1316 289 1543 331 foecunditas
1588 291 1877 333 fortunatiffima

1095 348 1389 403 conjugatorum
1414 378 1426 394 ,
1482 351 1765 393 Sanffimonia,
1807 366 1879 390 Vir-

1096 418 1214 450 tutes,
1244 405 1349 446 dona
1385 409 1562 447 omnium
1601 407 1787 453 omnino,
1818 413 1881 463 qui

1096 461 1273 507 fuerunt,
1304 463 1410 510 sunt,
1447 479 1560 505 erunt
1577 494 1586 510 ,
1628 480 1691 506 aut
1715 465 1786 506 effe
1810 481 1878 522 po—

1102 534 1251 566 terunt,
1280 520 1378 562 bene
1391 526 1650 577 operantium,
1683 538 1726 563 ac
1748 526 1879 567 DEO

1103 577 1346 632 placentium.
1378 580 1470 633 quid
1481 595 1571 636 ergo
1583 581 1657 627 est,
1688 583 1794 636 quod
1814 583 1880 623 de-

1103 633 1234 675 buisset
1262 635 1359 678 ultra
1376 637 1499 678 facere
1517 642 1637 679 vineae
1661 640 1728 679 suae
1738 643 1882 681 Omni-

1103 706 1260 749 potens?
1289 695 1476 736 Miracula
1499 695 1650 737 fortasse
1676 702 1715 737 in
1737 701 1883 739 MARIA

1103 751 1361 793 demonstrata
1388 757 1571 808 quaeritis?
1600 758 1742 796 Scitote
1763 771 1854 813 ergo
1869 786 1880 803 ,

1103 812 1236 850 omnia
1262 825 1328 857 ea,
1361 826 1445 866 quae
1465 826 1600 853 contra
1617 828 1759 854 naturae
1779 815 1884 855 ordi-

1103 882 1215 913 nem,
1247 874 1528 911 &communes
1544 870 1662 928 leges,
1693 871 1881 928 disperfim

1102 939 1276 982 operatus
1296 927 1349 968 est
1361 930 1577 974 Dominus,
1609 933 1647 969 in
1669 931 1782 971 unica
1793 934 1884 971 MA-

1101 997 1181 1024 RIAE
1196 986 1466 1042 Conceptione
1496 990 1633 1027 unitim
1650 986 1671 1027 2¹2
1688 990 1801 1029 DEO
1823 1004 1888 1044 pa-

1101 1054 1196 1082 trata
1220 1047 1384 1099 reperiri.
1443 1047 1545 1084 Mira
1566 1075 1575 1090 ‚
1614 1061 1696 1100 qua:
1715 1049 1752 1085 in
1770 1052 1886 1089 veteri

1101 1099 1330 1142 testamento
1361 1116 1506 1157 patrare
1536 1102 1657 1144 voluit
1688 1108 1883 1161 Omnipo-

1101 1171 1208 1203 tens,
1241 1164 1367 1215 paucis
1396 1164 1597 1216 percipite:
1629 1164 1778 1203 Contra
1817 1179 1883 1204 co-

1100 1230 1260 1257 munem
1289 1216 1435 1274 legem,
1463 1218 1536 1273 quai
1567 1219 1696 1261 Solem
1740 1220 1884 1277 semper

1100 1289 1246 1315 currere
1283 1305 1293 1321 ,
1321 1282 1362 1318 δε
1405 1280 1594 1318 continuo
1632 1278 1736 1319 volvi
1772 1294 1882 1320 motu

1100 1331 1281 1373 statutum
1291 1333 1363 1380 est,
1386 1334 1434 1374 ad
1455 1350 1593 1375 vocem
1605 1350 1735 1376 tamen
1748 1338 1856 1387 Josue
1868 1365 1880 1384 ,
1897 1365 1946 1398 'oc
1956 1378 1971 1398 c
1994 1378 2027 1400 η

1100 1389 1193 1430 stare
1215 1390 1358 1432 debuit.
1397 1407 1532 1433 contra
1553 1408 1694 1434 naturae
1719 1394 1846 1450 legem
1867 1391 1979 1444 ‚'v.13.'
2029 1393 2036 1399 “

1100 1462 1178 1501 quo
1190 1451 1287 1504 ignis
1307 1448 1451 1505 semper
1474 1451 1667 1491 comburit
1681 1481 1691 1498 ,
1727 1467 1809 1493 non
1825 1467 1879 1494 ta-

1100 1519 1191 1544 men
1202 1506 1402 1548 combuffit
1420 1522 1491 1548 tres
1507 1523 1641 1564 pueros
1661 1515 1701 1549 in
1727 1510 1882 1553 fornace
1893 1531 1962 1560 Dan.
1988 1542 2010 1560 c.
2022 1544 2047 1570 Ξ,

1098 1563 1343 1619 Babylonica.
1391 1580 1524 1607 contra
1552 1567 1678 1623 legem
1710 1583 1851 1610 naturae
1871 1581 1982 1613 ‚¹050-

1099 1636 1177 1675 quo
1207 1621 1308 1677 fluvij
1340 1639 1421 1664 non
1449 1624 1571 1671 stant,
1602 1626 1663 1666 led
1687 1627 1879 1668 continuo

1098 1678 1250 1726 fluunt,
1281 1681 1383 1722 stetit
1424 1696 1553 1723 tamen
1588 1684 1764 1735 Jordanis
1792 1715 1804 1732 ,
1836 1693 2011 1737 utJofic.4‚

1097 1738 1265 1779 tranfiret
1282 1742 1388 1780 Arca.
1420 1755 1555 1781 contra
1583 1757 1779 1789 naturam,
1805 1744 1880 1798 qua
1892 1745 1919 1764 v.
1936 1747 1963 1771 ⁷⁰

1095 1794 1227 1837 leones
1247 1796 1331 1838 sunt
1353 1798 1518 1845 feroces,
1548 1805 1587 1842 &
1604 1815 1757 1841 voraces
1771 1830 1780 1847 ‚
1810 1817 1876 1858 pe-

1095 1868 1297 1910 percerunt
1324 1870 1453 1897 tamen
1483 1857 1661 1904 Danieli,
1694 1865 1733 1900 ὃς
1763 1857 1878 1915 pluri·
1895 1880 2041 1912 Deme-c.

1096 1911 1163 1953 bus
1175 1911 1263 1967 alijs.
1322 1915 1437 1956 Addo
1448 1945 1459 1961 ‚
1480 1930 1652 1957 naturam
1668 1920 1816 1973 Viperae
1829 1919 1879 1959 es-
1896 1930 1921 1948 v.
1932 1931 1973 1951 ²⁷·-

1095 1969 1151 2016 se,
1182 1985 1222 2011 ut
1233 1971 1363 2018 feriat,
1396 1987 1526 2014 tamen
1542 2001 1552 2017 ,
1582 1978 1622 2014 in
1645 1991 1750 2016 novo
1763 1979 1879 2018 etiam

1096 2029 1347 2077 testamento,
1379 2032 1531 2072 adhaefit
1551 2031 1615 2073 illa
1627 2037 1758 2074 manui
1785 2037 1878 2076 Pau-

1095 2086 1143 2133 li,
1161 2103 1232 2128 nec
1248 2103 1379 2129 tamen
1391 2089 1489 2130 laefit.
1521 2093 1639 2131 Nunc
1652 2092 1734 2132 haec
1746 2097 1879 2134 omnia

1092 2159 1236 2186 naturae
1254 2147 1449 2204 prodigia,
1479 2148 1584 2190 simul
1603 2149 1622 2189 a
1641 2152 1756 2192 DEO
1775 2150 1878 2192 fuisse

1091 2218 1260 2260 patrata,
1289 2209 1330 2245 in
1355 2206 1466 2247 unicii
1479 2206 1544 2248 illa
1563 2211 1721 2264 Virgine
1736 2237 1746 2254 ,
1779 2224 1875 2263 quae‚

1089 2275 1132 2303 ut
1157 2266 1209 2303 alt
1238 2261 1345 2304 Ifilias
1364 2293 1375 2310 ‚
1407 2266 1514 2304 Vinea
1530 2265 1626 2320 fhfla
1655 2267 1694 2320 est
1731 2266 1843 2307 dileelo
1863 2297 1874 2314 ,

1089 2319 1189 2361 clare
1205 2320 1296 2362 licet
1310 2321 1536 2379 perspicere,
1571 2323 1744 2379 quamvis
1767 2332 1874 2366 enim

1090 2377 1174 2435 lege
1190 2381 1303 2426 DEI,
1338 2383 1378 2421 in
1397 2396 1555 2438 poenam
1567 2386 1735 2438 peccati,
1762 2383 1874 2426 statu-

1091 2450 1174 2477 tum
1193 2437 1305 2479 fuerit
1320 2467 1331 2485 ,
1361 2453 1403 2480 ut
1417 2438 1483 2481 Sol
1499 2438 1648 2495 justitiae
1677 2444 1717 2481 in
1738 2440 1875 2482 nullius

1091 2499 1349 2552 conceptione
1373 2497 1468 2538 stet:
1497 2503 1746 2540 utneminem
1764 2499 1877 2554 radijs

1092 2556 1220 2610 gratiae
1262 2553 1489 2596 illuminet:
1520 2556 1623 2598 stetit
1669 2571 1802 2598 tamen
1832 2561 1876 2598 in

1089 2613 1361 2669 Conceptione
1386 2616 1565 2661 Mimas,
1595 2614 1695 2656 adeo
1719 2629 1760 2656 ut
1789 2614 1873 2656 nul-

1090 2668 1130 2710 lo
1154 2685 1360 2713 momento
1403 2672 1515 2714 fuerit
1543 2676 1583 2714 in
1605 2673 1762 2719 occasu,
1791 2673 1874 2715 imo

1089 2727 1248 2784 ipsamet
1275 2729 1405 2772 Solem
1449 2730 1520 2772 sese
1562 2730 1802 2772 clariffimum
1831 2735 1873 2774 in

1089 2788 1362 2844 Conceptione
1391 2788 1670 2830 monstraverit.
1699 2789 1874 2844 quamvls

1087 2847 1185 2901 ignis
1196 2849 1344 2902 peccati
1360 2845 1554 2903 originalis
1575 2847 1705 2887 adurat
1717 2862 1864 2889 omnes:

1086 2905 1255 2945 Matrem
1270 2906 1362 2946 DEI
1373 2920 1479 2946 urere
1490 2919 1573 2945 non
1583 2907 1717 2961 potuit.
1735 2920 1869 2961 quam-

1085 2959 1141 3002 vis
1160 2976 1359 3018 peccatum
1377 2963 1453 3003 hoc
1467 2991 1478 3008 ,
1504 2961 1621 3004 veluti
1647 2977 1794 3005 torrens
1814 2980 1870 3007 ra·

1084 3019 1216 3075 pitius,
1246 3024 1378 3060 omnia
1406 3019 1601 3062 involvat:
1633 3021 1682 3062 ad
1711 3023 1869 3079 conspe-

1083 3079 1187 3117 &um
1203 3090 1334 3118 tamen
1344 3081 1451 3119 Arcae
1461 3081 1644 3120 Marianae
1654 3109 1665 3125 ,
1696 3079 1789 3122 stare
1803 3081 1869 3122 de-

1087 3133 1169 3176 buit
1195 3163 1206 3179 ,
1246 3149 1319 3176 nec
1359 3150 1446 3179 eam
1496 3137 1691 3180 involvere
1733 3143 1865 3194 potuit.

1149 3191 1208 3233 Ll
1236 3209 1261 3232 ι.ι
1722 3211 1855 3250 quam-

1897 2010 1956 2041 Ast.
1965 2020 1989 2039 c.
1997 2017 2040 2045 ιε,

1892 2403 1916 2424 c.
1932 2406 1958 2434 ς.
1975 2406 2001 2427 ν.
2015 2407 2040 2427 1.
