<?xml version="1.0" encoding="UTF-8"?>
<!DOCTYPE html PUBLIC "-//W3C//DTD XHTML 1.0 Transitional//EN"
    "http://www.w3.org/TR/xhtml1/DTD/xhtml1-transitional.dtd">
<html xmlns="http://www.w3.org/1999/xhtml" xml:lang="en" lang="en">
 <head>
  <title>
</title>
<meta http-equiv="Content-Type" content="text/html;charset=utf-8" />
  <meta name='ocr-system' content='tesseract 3.04.00' />
  <meta name='ocr-capabilities' content='ocr_page ocr_carea ocr_par ocr_line ocrx_word'/>
</head>
<body>
  <div class='ocr_page' id='page_1' title='image "./conceptvschronog00zolle_0307.png"; bbox 0 0 2113 3482; ppageno 0'>
   <div class='ocr_carea' id='block_1_1' title="bbox 46 378 129 391">
    <p class='ocr_par' dir='ltr' id='par_1_1' title="bbox 46 378 129 391">
     <span class='ocr_line' id='line_1_1' title="bbox 46 378 129 391; baseline 0 -8"><span class='ocrx_word' id='word_1_1' title='bbox 46 378 129 391; x_wconf 47' lang='grc' dir='ltr'>β-</span> 
     </span>
    </p>
   </div>
   <div class='ocr_carea' id='block_1_2' title="bbox 12 1153 139 1231">
    <p class='ocr_par' dir='ltr' id='par_1_2' title="bbox 12 1153 139 1231">
     <span class='ocr_line' id='line_1_2' title="bbox 13 1153 139 1183; baseline 0 -1"><span class='ocrx_word' id='word_1_2' title='bbox 13 1153 81 1183; x_wconf 79' lang='lat' dir='ltr'>Psal.</span> <span class='ocrx_word' id='word_1_3' title='bbox 92 1157 139 1182; x_wconf 74' lang='lat'>88.</span> 
     </span>
     <span class='ocr_line' id='line_1_3' title="bbox 12 1200 100 1231; baseline 0 -7"><span class='ocrx_word' id='word_1_4' title='bbox 12 1206 42 1224; x_wconf 85' lang='lat' dir='ltr'>v.</span> <span class='ocrx_word' id='word_1_5' title='bbox 54 1200 100 1231; x_wconf 71' lang='lat'>38.</span> 
     </span>
    </p>
   </div>
   <div class='ocr_carea' id='block_1_3' title="bbox 660 52 1333 137">
    <p class='ocr_par' dir='ltr' id='par_1_3' title="bbox 660 52 1333 137">
     <span class='ocr_line' id='line_1_4' title="bbox 660 52 1333 137; baseline 0 -19"><span class='ocrx_word' id='word_1_6' title='bbox 660 54 1002 137; x_wconf 78' lang='lat' dir='ltr'>Conceptus,</span> <span class='ocrx_word' id='word_1_7' title='bbox 1082 52 1333 118; x_wconf 78' lang='lat' dir='ltr'>LXXlX.</span> 
     </span>
    </p>
   </div>
   <div class='ocr_carea' id='block_1_4' title="bbox 158 144 976 850">
    <p class='ocr_par' dir='ltr' id='par_1_4' title="bbox 158 144 976 850">
     <span class='ocr_line' id='line_1_5' title="bbox 165 144 959 195; baseline 0.004 -10"><span class='ocrx_word' id='word_1_8' title='bbox 165 145 263 186; x_wconf 87' lang='lat' dir='ltr'>litati</span> <span class='ocrx_word' id='word_1_9' title='bbox 300 144 460 188; x_wconf 64' lang='lat' dir='ltr'>subdita:</span> <span class='ocrx_word' id='word_1_10' title='bbox 485 147 569 189; x_wconf 88' lang='lat' dir='ltr'>sunt</span> <span class='ocrx_word' id='word_1_11' title='bbox 586 177 598 195; x_wconf 87' lang='lat'><em>‚</em></span> <span class='ocrx_word' id='word_1_12' title='bbox 634 149 776 190; x_wconf 90' lang='lat' dir='ltr'>doceat</span> <span class='ocrx_word' id='word_1_13' title='bbox 815 147 959 194; x_wconf 85' lang='lat' dir='ltr'>fluxas,</span> 
     </span>
     <span class='ocr_line' id='line_1_6' title="bbox 158 206 963 248; baseline 0.002 -4"><span class='ocrx_word' id='word_1_14' title='bbox 158 207 345 248; x_wconf 78' lang='lat' dir='ltr'>minutas,</span> <span class='ocrx_word' id='word_1_15' title='bbox 375 211 415 248; x_wconf 72' lang='grc' dir='ltr'>δε</span> <span class='ocrx_word' id='word_1_16' title='bbox 430 207 594 247; x_wconf 77' lang='lat' dir='ltr'>caducas</span> <span class='ocrx_word' id='word_1_17' title='bbox 608 207 702 247; x_wconf 75' lang='lat' dir='ltr'>ess&#39;e:</span> <span class='ocrx_word' id='word_1_18' title='bbox 733 206 768 247; x_wconf 91' lang='lat' dir='ltr'>se</span> <span class='ocrx_word' id='word_1_19' title='bbox 783 206 875 248; x_wconf 73' lang='lat' dir='ltr'>vero</span> <span class='ocrx_word' id='word_1_20' title='bbox 886 206 963 246; x_wconf 83' lang='lat' dir='ltr'>basi</span> 
     </span>
     <span class='ocr_line' id='line_1_7' title="bbox 160 262 963 321; baseline 0.002 -19"><span class='ocrx_word' id='word_1_21' title='bbox 160 262 348 303; x_wconf 82' lang='lat' dir='ltr'>firmitatis</span> <span class='ocrx_word' id='word_1_22' title='bbox 386 265 635 306; x_wconf 75' lang='lat' dir='ltr'>insistentem—</span> <span class='ocrx_word' id='word_1_23' title='bbox 656 292 667 308; x_wconf 79' lang='lat'>,</span> <span class='ocrx_word' id='word_1_24' title='bbox 713 268 963 321; x_wconf 83' lang='lat' dir='ltr'>perpetuitate</span> 
     </span>
     <span class='ocr_line' id='line_1_8' title="bbox 163 320 965 379; baseline 0.001 -19"><span class='ocrx_word' id='word_1_25' title='bbox 163 320 231 360; x_wconf 86' lang='lat' dir='ltr'>suae</span> <span class='ocrx_word' id='word_1_26' title='bbox 247 321 378 377; x_wconf 67' lang='lat' dir='ltr'>gloriae</span> <span class='ocrx_word' id='word_1_27' title='bbox 394 324 579 379; x_wconf 68' lang='lat' dir='ltr'>gaudere.</span> <span class='ocrx_word' id='word_1_28' title='bbox 623 324 731 379; x_wconf 84' lang='lat' dir='ltr'>Qid</span> <span class='ocrx_word' id='word_1_29' title='bbox 747 327 854 363; x_wconf 91' lang='lat' dir='ltr'>enim</span> <span class='ocrx_word' id='word_1_30' title='bbox 866 325 965 362; x_wconf 83' lang='lat' dir='ltr'>Luna</span> 
     </span>
     <span class='ocr_line' id='line_1_9' title="bbox 164 379 965 436; baseline 0.002 -18"><span class='ocrx_word' id='word_1_31' title='bbox 164 380 369 420; x_wconf 86' lang='lat' dir='ltr'>materialis</span> <span class='ocrx_word' id='word_1_32' title='bbox 381 381 439 421; x_wconf 74' lang='lat' dir='ltr'>rest</span> <span class='ocrx_word' id='word_1_33' title='bbox 450 411 460 428; x_wconf 90' lang='lat'>,</span> <span class='ocrx_word' id='word_1_34' title='bbox 491 382 562 422; x_wconf 83' lang='lat' dir='ltr'>nisi</span> <span class='ocrx_word' id='word_1_35' title='bbox 574 382 843 422; x_wconf 87' lang='lat' dir='ltr'>inconstantiae</span> <span class='ocrx_word' id='word_1_36' title='bbox 868 379 965 436; x_wconf 83' lang='lat' dir='ltr'>sym-</span> 
     </span>
     <span class='ocr_line' id='line_1_10' title="bbox 165 437 968 497; baseline 0 -20"><span class='ocrx_word' id='word_1_37' title='bbox 165 437 328 485; x_wconf 88' lang='lat' dir='ltr'>bolum,</span> <span class='ocrx_word' id='word_1_38' title='bbox 361 453 448 494; x_wconf 80' lang='lat' dir='ltr'>quae</span> <span class='ocrx_word' id='word_1_39' title='bbox 484 439 703 497; x_wconf 76' lang='lat' dir='ltr'>praecipiti,</span> <span class='ocrx_word' id='word_1_40' title='bbox 736 446 777 481; x_wconf 83' lang='lat'>&amp;</span> <span class='ocrx_word' id='word_1_41' title='bbox 806 437 968 481; x_wconf 88' lang='lat' dir='ltr'>volubili</span> 
     </span>
     <span class='ocr_line' id='line_1_11' title="bbox 167 496 970 555; baseline 0 -19"><span class='ocrx_word' id='word_1_42' title='bbox 167 496 386 544; x_wconf 83' lang='lat' dir='ltr'>celeritate,</span> <span class='ocrx_word' id='word_1_43' title='bbox 417 498 470 539; x_wconf 80' lang='lat' dir='ltr'>ad.</span> <span class='ocrx_word' id='word_1_44' title='bbox 494 498 638 555; x_wconf 76' lang='lat' dir='ltr'>singula</span> <span class='ocrx_word' id='word_1_45' title='bbox 663 511 868 539; x_wconf 84' lang='lat' dir='ltr'>momenta</span> <span class='ocrx_word' id='word_1_46' title='bbox 887 511 970 537; x_wconf 87' lang='lat' dir='ltr'>car-</span> 
     </span>
     <span class='ocr_line' id='line_1_12' title="bbox 170 555 970 613; baseline 0.001 -18"><span class='ocrx_word' id='word_1_47' title='bbox 170 558 293 611; x_wconf 89' lang='lat' dir='ltr'>pitur,</span> <span class='ocrx_word' id='word_1_48' title='bbox 314 555 386 598; x_wconf 79' lang='lat' dir='ltr'>-vel</span> <span class='ocrx_word' id='word_1_49' title='bbox 409 555 621 613; x_wconf 64' lang='lat' dir='ltr'>augescit?</span> <span class='ocrx_word' id='word_1_50' title='bbox 649 559 812 598; x_wconf 86' lang='lat' dir='ltr'>Lunam·</span> <span class='ocrx_word' id='word_1_51' title='bbox 843 571 937 613; x_wconf 87' lang='lat' dir='ltr'>ergo</span> <span class='ocrx_word' id='word_1_52' title='bbox 958 584 970 601; x_wconf 92' lang='lat'>,</span> 
     </span>
     <span class='ocr_line' id='line_1_13' title="bbox 170 613 971 668; baseline -0.004 -11"><span class='ocrx_word' id='word_1_53' title='bbox 170 629 257 668; x_wconf 82' lang='lat' dir='ltr'>quae</span> <span class='ocrx_word' id='word_1_54' title='bbox 275 617 435 656; x_wconf 75' lang='lat' dir='ltr'>tantum</span> <span class='ocrx_word' id='word_1_55' title='bbox 447 615 629 656; x_wconf 85' lang='lat' dir='ltr'>constans</span> <span class='ocrx_word' id='word_1_56' title='bbox 659 615 715 656; x_wconf 92' lang='lat' dir='ltr'>est</span> <span class='ocrx_word' id='word_1_57' title='bbox 740 618 785 655; x_wconf 86' lang='lat' dir='ltr'>in&#39;</span> <span class='ocrx_word' id='word_1_58' title='bbox 805 613 868 655; x_wconf 62' lang='lat' dir='ltr'>sua</span> <span class='ocrx_word' id='word_1_59' title='bbox 879 614 971 656; x_wconf 87' lang='lat' dir='ltr'>levi-</span> 
     </span>
     <span class='ocr_line' id='line_1_14' title="bbox 172 672 974 731; baseline 0 -18"><span class='ocrx_word' id='word_1_60' title='bbox 172 686 274 723; x_wconf 80' lang='lat' dir='ltr'>tate,</span> <span class='ocrx_word' id='word_1_61' title='bbox 300 672 367 714; x_wconf 92' lang='lat' dir='ltr'>sub</span> <span class='ocrx_word' id='word_1_62' title='bbox 385 673 550 730; x_wconf 86' lang='lat' dir='ltr'>pedibus</span> <span class='ocrx_word' id='word_1_63' title='bbox 569 675 735 731; x_wconf 86' lang='lat' dir='ltr'>premit,</span> <span class='ocrx_word' id='word_1_64' title='bbox 767 676 866 714; x_wconf 87' lang='lat' dir='ltr'>utin</span> <span class='ocrx_word' id='word_1_65' title='bbox 891 676 974 714; x_wconf 87' lang='lat' dir='ltr'>ani-</span> 
     </span>
     <span class='ocr_line' id='line_1_15' title="bbox 174 730 976 788; baseline 0.001 -17"><span class='ocrx_word' id='word_1_66' title='bbox 174 730 250 786; x_wconf 57' lang='lat' dir='ltr'>mssz</span> <span class='ocrx_word' id='word_1_67' title='bbox 273 730 344 772; x_wconf 85' lang='lat' dir='ltr'>suae</span> <span class='ocrx_word' id='word_1_68' title='bbox 367 730 614 788; x_wconf 70' lang='lat' dir='ltr'>posseffione,</span> <span class='ocrx_word' id='word_1_69' title='bbox 644 731 892 773; x_wconf 84' lang='lat' dir='ltr'>immobilem</span> <span class='ocrx_word' id='word_1_70' title='bbox 903 731 976 772; x_wconf 87' lang='lat' dir='ltr'>sta-</span> 
     </span>
     <span class='ocr_line' id='line_1_16' title="bbox 174 790 976 850; baseline 0.001 -20"><span class='ocrx_word' id='word_1_71' title='bbox 174 795 278 850; x_wconf 50' lang='lat' dir='ltr'>tui-n,</span> <span class='ocrx_word' id='word_1_72' title='bbox 308 790 686 847; x_wconf 87' lang='lat' dir='ltr'>&amp;imperturbabile</span> <span class='ocrx_word' id='word_1_73' title='bbox 717 793 976 837; x_wconf 83' lang='lat' dir='ltr'>innocentiae,</span> 
     </span>
    </p>
   </div>
   <div class='ocr_carea' id='block_1_5' title="bbox 179 849 989 906">
    <p class='ocr_par' dir='ltr' id='par_1_5' title="bbox 179 849 989 906">
     <span class='ocr_line' id='line_1_17' title="bbox 179 849 989 906; baseline 0.002 -18"><span class='ocrx_word' id='word_1_74' title='bbox 179 851 225 895; x_wconf 61' lang='grc' dir='ltr'>τις</span> <span class='ocrx_word' id='word_1_75' title='bbox 270 852 501 905; x_wconf 83' lang='lat' dir='ltr'>integritatis</span> <span class='ocrx_word' id='word_1_76' title='bbox 534 849 724 890; x_wconf 87' lang='lat' dir='ltr'>monstret</span> <span class='ocrx_word' id='word_1_77' title='bbox 758 850 989 906; x_wconf 50' lang='lat' dir='ltr'>imperium(</span> 
     </span>
    </p>
   </div>
   <div class='ocr_carea' id='block_1_6' title="bbox 179 905 990 1548">
    <p class='ocr_par' dir='ltr' id='par_1_6' title="bbox 179 905 990 1548">
     <span class='ocr_line' id='line_1_18' title="bbox 181 905 984 965; baseline 0.001 -18"><span class='ocrx_word' id='word_1_78' title='bbox 181 905 351 948; x_wconf 88' lang='lat' dir='ltr'>Nullain</span> <span class='ocrx_word' id='word_1_79' title='bbox 365 910 526 963; x_wconf 79' lang='lat' dir='ltr'>Virgine</span> <span class='ocrx_word' id='word_1_80' title='bbox 539 908 773 950; x_wconf 63' lang='lat' dir='ltr'>Sanffiffima</span> <span class='ocrx_word' id='word_1_81' title='bbox 786 938 796 955; x_wconf 88' lang='lat'>,</span> <span class='ocrx_word' id='word_1_82' title='bbox 832 923 900 965; x_wconf 86' lang='lat' dir='ltr'>per</span> <span class='ocrx_word' id='word_1_83' title='bbox 911 921 984 948; x_wconf 77' lang='lat' dir='ltr'>ter-</span> 
     </span>
     <span class='ocr_line' id='line_1_19' title="bbox 179 966 984 1023; baseline 0.004 -19"><span class='ocrx_word' id='word_1_84' title='bbox 179 980 230 1005; x_wconf 87' lang='lat' dir='ltr'>rae</span> <span class='ocrx_word' id='word_1_85' title='bbox 258 966 620 1022; x_wconf 79' lang='lat' dir='ltr'>interpositionem,</span> <span class='ocrx_word' id='word_1_86' title='bbox 650 966 862 1023; x_wconf 83' lang='lat' dir='ltr'>Ecclypfis,</span> <span class='ocrx_word' id='word_1_87' title='bbox 898 966 984 1007; x_wconf 91' lang='lat' dir='ltr'>nul-</span> 
     </span>
     <span class='ocr_line' id='line_1_20' title="bbox 180 1022 982 1073; baseline 0.004 -11"><span class='ocrx_word' id='word_1_88' title='bbox 180 1023 217 1063; x_wconf 90' lang='lat' dir='ltr'>la</span> <span class='ocrx_word' id='word_1_89' title='bbox 228 1022 388 1064; x_wconf 89' lang='lat' dir='ltr'>luminis</span> <span class='ocrx_word' id='word_1_90' title='bbox 411 1024 578 1066; x_wconf 68' lang='lat' dir='ltr'>defectio</span> <span class='ocrx_word' id='word_1_91' title='bbox 596 1055 608 1071; x_wconf 95' lang='lat'>,</span> <span class='ocrx_word' id='word_1_92' title='bbox 635 1025 698 1066; x_wconf 91' lang='lat' dir='ltr'>ubi</span> <span class='ocrx_word' id='word_1_93' title='bbox 723 1025 830 1066; x_wconf 90' lang='lat' dir='ltr'>nulla</span> <span class='ocrx_word' id='word_1_94' title='bbox 863 1028 982 1073; x_wconf 53' lang='lat' dir='ltr'>interf</span> 
     </span>
     <span class='ocr_line' id='line_1_21' title="bbox 181 1081 984 1141; baseline 0.004 -18"><span class='ocrx_word' id='word_1_95' title='bbox 181 1084 290 1123; x_wconf 90' lang='lat' dir='ltr'>venit</span> <span class='ocrx_word' id='word_1_96' title='bbox 315 1081 453 1138; x_wconf 86' lang='lat' dir='ltr'>culpa:</span> <span class='ocrx_word' id='word_1_97' title='bbox 492 1099 577 1139; x_wconf 86' lang='lat' dir='ltr'>quae</span> <span class='ocrx_word' id='word_1_98' title='bbox 601 1083 762 1141; x_wconf 68' lang='lat' dir='ltr'>aRegio</span> <span class='ocrx_word' id='word_1_99' title='bbox 783 1089 882 1128; x_wconf 91' lang='lat' dir='ltr'>Vate</span> <span class='ocrx_word' id='word_1_100' title='bbox 903 1085 984 1138; x_wconf 84' lang='lat' dir='ltr'>jam</span> 
     </span>
     <span class='ocr_line' id='line_1_22' title="bbox 185 1140 984 1199; baseline 0.003 -19"><span class='ocrx_word' id='word_1_101' title='bbox 185 1140 337 1196; x_wconf 84' lang='lat' dir='ltr'>pridem</span> <span class='ocrx_word' id='word_1_102' title='bbox 367 1145 468 1181; x_wconf 81' lang='lat' dir='ltr'>Luna</span> <span class='ocrx_word' id='word_1_103' title='bbox 490 1143 633 1199; x_wconf 70' lang='lat' dir='ltr'>perfeHa</span> <span class='ocrx_word' id='word_1_104' title='bbox 660 1144 693 1182; x_wconf 81' lang='lat' dir='ltr'>in</span> <span class='ocrx_word' id='word_1_105' title='bbox 712 1157 882 1188; x_wconf 79' lang='lat' dir='ltr'>aecernum,</span> <span class='ocrx_word' id='word_1_106' title='bbox 910 1142 984 1195; x_wconf 83' lang='lat' dir='ltr'>fuit</span> 
     </span>
     <span class='ocr_line' id='line_1_23' title="bbox 186 1199 982 1255; baseline 0.003 -16"><span class='ocrx_word' id='word_1_107' title='bbox 186 1199 457 1255; x_wconf 84' lang='lat' dir='ltr'>depraedicata.</span> <span class='ocrx_word' id='word_1_108' title='bbox 519 1202 641 1241; x_wconf 60' lang='lat' dir='ltr'>unicus</span> <span class='ocrx_word' id='word_1_109' title='bbox 680 1208 746 1252; x_wconf 89' lang='lat' dir='ltr'>(ut</span> <span class='ocrx_word' id='word_1_110' title='bbox 778 1199 982 1253; x_wconf 81' lang='lat' dir='ltr'>mellifluus</span> 
     </span>
     <span class='ocr_line' id='line_1_24' title="bbox 184 1258 986 1315; baseline 0 -17"><span class='ocrx_word' id='word_1_111' title='bbox 184 1260 238 1298; x_wconf 83' lang='lat' dir='ltr'>ait</span> <span class='ocrx_word' id='word_1_112' title='bbox 249 1259 486 1308; x_wconf 84' lang='lat' dir='ltr'>Bernardus)</span> <span class='ocrx_word' id='word_1_113' title='bbox 517 1259 708 1310; x_wconf 72' lang='lat' dir='ltr'>mestultws,</span> <span class='ocrx_word' id='word_1_114' title='bbox 737 1267 776 1303; x_wconf 69' lang='grc'>(9·</span> <span class='ocrx_word' id='word_1_115' title='bbox 793 1258 986 1315; x_wconf 50' lang='grc' dir='ltr'>τοτὲιιςβιιίξ</span> 
     </span>
     <span class='ocr_line' id='line_1_25' title="bbox 183 1317 985 1374; baseline 0.002 -20"><span class='ocrx_word' id='word_1_116' title='bbox 183 1317 262 1355; x_wconf 72' lang='lat' dir='ltr'>titiae</span> <span class='ocrx_word' id='word_1_117' title='bbox 279 1317 430 1373; x_wconf 81' lang='lat' dir='ltr'>princeps</span> <span class='ocrx_word' id='word_1_118' title='bbox 447 1343 462 1361; x_wconf 81' lang='lat'>‚</span> <span class='ocrx_word' id='word_1_119' title='bbox 485 1318 540 1374; x_wconf 85' lang='lat' dir='ltr'>qui</span> <span class='ocrx_word' id='word_1_120' title='bbox 570 1318 648 1358; x_wconf 75' lang='grc' dir='ltr'><em>’νενὲ</em></span> <span class='ocrx_word' id='word_1_121' title='bbox 670 1333 812 1358; x_wconf 76' lang='lat' dir='ltr'>mutatm</span> <span class='ocrx_word' id='word_1_122' title='bbox 827 1348 838 1365; x_wconf 91' lang='lat'>,</span> <span class='ocrx_word' id='word_1_123' title='bbox 865 1332 902 1358; x_wconf 82' lang='lat' dir='ltr'>uc</span> <span class='ocrx_word' id='word_1_124' title='bbox 933 1317 985 1357; x_wconf 85' lang='lat' dir='ltr'>lu-</span> 
     </span>
     <span class='ocr_line' id='line_1_26' title="bbox 188 1374 986 1432; baseline 0.001 -19"><span class='ocrx_word' id='word_1_125' title='bbox 188 1390 234 1414; x_wconf 81' lang='lat' dir='ltr'>na</span> <span class='ocrx_word' id='word_1_126' title='bbox 250 1404 260 1421; x_wconf 96' lang='lat'>,</span> <span class='ocrx_word' id='word_1_127' title='bbox 278 1375 473 1431; x_wconf 72' lang='lat' dir='ltr'>fhpientiam</span> <span class='ocrx_word' id='word_1_128' title='bbox 493 1375 638 1432; x_wconf 78' lang='lat' dir='ltr'>perdidit</span> <span class='ocrx_word' id='word_1_129' title='bbox 652 1378 686 1415; x_wconf 84' lang='lat' dir='ltr'>in</span> <span class='ocrx_word' id='word_1_130' title='bbox 701 1376 809 1416; x_wconf 79' lang='lat' dir='ltr'>decore</span> <span class='ocrx_word' id='word_1_131' title='bbox 820 1375 902 1432; x_wconf 78' lang='lat' dir='ltr'>fico,</span> <span class='ocrx_word' id='word_1_132' title='bbox 922 1374 986 1430; x_wconf 73' lang='grc' dir='ltr'>[ἱιό</span> 
     </span>
     <span class='ocr_line' id='line_1_27' title="bbox 193 1433 989 1490; baseline 0 -18"><span class='ocrx_word' id='word_1_133' title='bbox 193 1434 426 1488; x_wconf 77' lang='lat' dir='ltr'><em>‘MARJAE</em></span> <span class='ocrx_word' id='word_1_134' title='bbox 444 1433 581 1490; x_wconf 76' lang='lat' dir='ltr'>pedibm</span> <span class='ocrx_word' id='word_1_135' title='bbox 599 1434 802 1474; x_wconf 63' lang='lat' dir='ltr'>conculcatus</span> <span class='ocrx_word' id='word_1_136' title='bbox 821 1459 834 1476; x_wconf 91' lang='lat'>‚</span> <span class='ocrx_word' id='word_1_137' title='bbox 860 1441 900 1476; x_wconf 68' lang='grc' dir='ltr'>ά·</span> <span class='ocrx_word' id='word_1_138' title='bbox 914 1449 989 1472; x_wconf 75' lang='lat' dir='ltr'>con-</span> 
     </span>
     <span class='ocr_line' id='line_1_28' title="bbox 193 1490 990 1548; baseline 0.003 -19"><span class='ocrx_word' id='word_1_139' title='bbox 193 1491 312 1537; x_wconf 65' lang='lat' dir='ltr'>trinos,</span> <span class='ocrx_word' id='word_1_140' title='bbox 349 1491 494 1546; x_wconf 71' lang='lat' dir='ltr'>mfiram</span> <span class='ocrx_word' id='word_1_141' title='bbox 509 1493 639 1548; x_wconf 82' lang='lat' dir='ltr'>patitur</span> <span class='ocrx_word' id='word_1_142' title='bbox 647 1491 852 1547; x_wconf 60' lang='lat' dir='ltr'>servitutem.</span> <span class='ocrx_word' id='word_1_143' title='bbox 895 1490 990 1531; x_wconf 86' lang='lat' dir='ltr'>hinc</span> 
     </span>
    </p>
   </div>
   <div class='ocr_carea' id='block_1_7' title="bbox 24 1548 993 1607">
    <p class='ocr_par' dir='ltr' id='par_1_7' title="bbox 24 1548 993 1607">
     <span class='ocr_line' id='line_1_29' title="bbox 24 1548 993 1607; baseline 0.003 -21"><span class='ocrx_word' id='word_1_144' title='bbox 24 1559 112 1586; x_wconf 77' lang='lat' dir='ltr'>Serm.</span> <span class='ocrx_word' id='word_1_145' title='bbox 137 1555 179 1584; x_wconf 88' lang='lat' dir='ltr'>su·</span> <span class='ocrx_word' id='word_1_146' title='bbox 195 1548 249 1589; x_wconf 91' lang='lat' dir='ltr'>est</span> <span class='ocrx_word' id='word_1_147' title='bbox 266 1578 277 1595; x_wconf 93' lang='lat'>,</span> <span class='ocrx_word' id='word_1_148' title='bbox 308 1548 517 1604; x_wconf 72' lang='lat' dir='ltr'>quodlicet</span> <span class='ocrx_word' id='word_1_149' title='bbox 526 1549 633 1607; x_wconf 89' lang='lat' dir='ltr'>supra</span> <span class='ocrx_word' id='word_1_150' title='bbox 651 1550 889 1605; x_wconf 88' lang='lat' dir='ltr'>reliquorum</span> <span class='ocrx_word' id='word_1_151' title='bbox 897 1552 993 1592; x_wconf 86' lang='lat' dir='ltr'>San-</span> 
     </span>
    </p>
   </div>
   <div class='ocr_carea' id='block_1_8' title="bbox 28 1597 179 1636">
    <p class='ocr_par' dir='ltr' id='par_1_8' title="bbox 28 1597 179 1636">
     <span class='ocr_line' id='line_1_30' title="bbox 28 1597 179 1636; baseline 0 -10"><span class='ocrx_word' id='word_1_152' title='bbox 28 1607 75 1636; x_wconf 58' lang='grc' dir='ltr'>ρει</span> <span class='ocrx_word' id='word_1_153' title='bbox 91 1597 179 1630; x_wconf 80' lang='lat' dir='ltr'>illud:</span> 
     </span>
    </p>
   </div>
   <div class='ocr_carea' id='block_1_9' title="bbox 26 1641 141 1675">
    <p class='ocr_par' dir='ltr' id='par_1_9' title="bbox 26 1641 141 1675">
     <span class='ocr_line' id='line_1_31' title="bbox 26 1641 141 1675; baseline -0.009 -7"><span class='ocrx_word' id='word_1_154' title='bbox 26 1641 108 1675; x_wconf 74' lang='lat' dir='ltr'>Signa</span> <span class='ocrx_word' id='word_1_155' title='bbox 113 1648 141 1667; x_wconf 88' lang='lat' dir='ltr'>m</span> 
     </span>
    </p>
   </div>
   <div class='ocr_carea' id='block_1_10' title="bbox 198 1609 994 1665">
    <p class='ocr_par' dir='ltr' id='par_1_10' title="bbox 198 1609 994 1665">
     <span class='ocr_line' id='line_1_32' title="bbox 198 1609 994 1665; baseline 0.001 -18"><span class='ocrx_word' id='word_1_156' title='bbox 198 1610 349 1648; x_wconf 69' lang='lat' dir='ltr'>storum</span> <span class='ocrx_word' id='word_1_157' title='bbox 373 1614 502 1665; x_wconf 87' lang='lat' dir='ltr'>capita</span> <span class='ocrx_word' id='word_1_158' title='bbox 529 1610 611 1649; x_wconf 74' lang='lat' dir='ltr'>luna</span> <span class='ocrx_word' id='word_1_159' title='bbox 638 1611 900 1650; x_wconf 78' lang='lat' dir='ltr'>commimiter</span> <span class='ocrx_word' id='word_1_160' title='bbox 926 1609 994 1649; x_wconf 56' lang='lat' dir='ltr'>dea</span> 
     </span>
    </p>
   </div>
   <div class='ocr_carea' id='block_1_11' title="bbox 27 1665 995 1722">
    <p class='ocr_par' dir='ltr' id='par_1_11' title="bbox 27 1665 995 1722">
     <span class='ocr_line' id='line_1_33' title="bbox 27 1665 995 1722; baseline -0.001 -14"><span class='ocrx_word' id='word_1_161' title='bbox 27 1690 172 1718; x_wconf 66' lang='lat' dir='ltr'>mgnum,</span> <span class='ocrx_word' id='word_1_162' title='bbox 197 1669 298 1722; x_wconf 64' lang='lat' dir='ltr'>picta</span> <span class='ocrx_word' id='word_1_163' title='bbox 312 1667 508 1714; x_wconf 85' lang='lat' dir='ltr'>videatur,</span> <span class='ocrx_word' id='word_1_164' title='bbox 539 1668 613 1709; x_wconf 89' lang='lat' dir='ltr'>five</span> <span class='ocrx_word' id='word_1_165' title='bbox 623 1683 770 1708; x_wconf 90' lang='lat' dir='ltr'>corona</span> <span class='ocrx_word' id='word_1_166' title='bbox 786 1696 796 1714; x_wconf 93' lang='lat'>,</span> <span class='ocrx_word' id='word_1_167' title='bbox 812 1671 853 1707; x_wconf 87' lang='lat' dir='ltr'>in</span> <span class='ocrx_word' id='word_1_168' title='bbox 869 1665 995 1708; x_wconf 62' lang='lat' dir='ltr'>forma</span> 
     </span>
    </p>
   </div>
   <div class='ocr_carea' id='block_1_12' title="bbox 197 1725 1017 3184">
    <p class='ocr_par' dir='ltr' id='par_1_12' title="bbox 197 1725 1017 3184">
     <span class='ocr_line' id='line_1_34' title="bbox 197 1725 996 1782; baseline 0.001 -17"><span class='ocrx_word' id='word_1_169' title='bbox 197 1725 338 1767; x_wconf 87' lang='lat' dir='ltr'>mediae</span> <span class='ocrx_word' id='word_1_170' title='bbox 349 1725 461 1772; x_wconf 73' lang='lat' dir='ltr'>lunae3</span> <span class='ocrx_word' id='word_1_171' title='bbox 477 1731 518 1767; x_wconf 91' lang='lat' dir='ltr'>in</span> <span class='ocrx_word' id='word_1_172' title='bbox 533 1729 694 1768; x_wconf 57' lang='lat' dir='ltr'>Mimas</span> <span class='ocrx_word' id='word_1_173' title='bbox 710 1741 842 1767; x_wconf 89' lang='lat' dir='ltr'>tamen</span> <span class='ocrx_word' id='word_1_174' title='bbox 854 1728 996 1782; x_wconf 80' lang='lat' dir='ltr'>Imagi-</span> 
     </span>
     <span class='ocr_line' id='line_1_35' title="bbox 197 1783 998 1841; baseline 0.001 -17"><span class='ocrx_word' id='word_1_175' title='bbox 197 1783 331 1831; x_wconf 81' lang='lat' dir='ltr'>nibus,</span> <span class='ocrx_word' id='word_1_176' title='bbox 354 1785 513 1841; x_wconf 86' lang='lat' dir='ltr'>pedibus</span> <span class='ocrx_word' id='word_1_177' title='bbox 532 1785 705 1840; x_wconf 83' lang='lat' dir='ltr'>ejusdem</span> <span class='ocrx_word' id='word_1_178' title='bbox 723 1784 926 1831; x_wconf 85' lang='lat' dir='ltr'>substrata,</span> <span class='ocrx_word' id='word_1_179' title='bbox 949 1784 998 1825; x_wconf 92' lang='lat' dir='ltr'>ab</span> 
     </span>
     <span class='ocr_line' id='line_1_36' title="bbox 201 1842 998 1900; baseline 0 -17"><span class='ocrx_word' id='word_1_180' title='bbox 201 1842 367 1884; x_wconf 66' lang='lat' dir='ltr'>Ecclesia</span> <span class='ocrx_word' id='word_1_181' title='bbox 393 1843 680 1900; x_wconf 72' lang='lat' dir='ltr'>repraestntetur</span> <span class='ocrx_word' id='word_1_182' title='bbox 701 1859 708 1882; x_wconf 90' lang='lat'>:</span> <span class='ocrx_word' id='word_1_183' title='bbox 737 1844 785 1884; x_wconf 91' lang='lat' dir='ltr'>ad</span> <span class='ocrx_word' id='word_1_184' title='bbox 805 1844 998 1884; x_wconf 86' lang='lat' dir='ltr'>infinuan-</span> 
     </span>
     <span class='ocr_line' id='line_1_37' title="bbox 200 1902 998 1959; baseline 0.001 -17"><span class='ocrx_word' id='word_1_185' title='bbox 200 1902 316 1945; x_wconf 79' lang='lat' dir='ltr'>dum,</span> <span class='ocrx_word' id='word_1_186' title='bbox 348 1902 455 1957; x_wconf 77' lang='lat' dir='ltr'>quod</span> <span class='ocrx_word' id='word_1_187' title='bbox 467 1903 531 1943; x_wconf 88' lang='lat' dir='ltr'>ubi</span> <span class='ocrx_word' id='word_1_188' title='bbox 550 1917 688 1959; x_wconf 87' lang='lat' dir='ltr'>caput,</span> <span class='ocrx_word' id='word_1_189' title='bbox 704 1908 746 1945; x_wconf 85' lang='lat'>&amp;</span> <span class='ocrx_word' id='word_1_190' title='bbox 763 1905 998 1959; x_wconf 87' lang='lat' dir='ltr'>principium</span> 
     </span>
     <span class='ocr_line' id='line_1_38' title="bbox 198 1960 999 2017; baseline 0.001 -17"><span class='ocrx_word' id='word_1_191' title='bbox 198 1960 364 2001; x_wconf 89' lang='lat' dir='ltr'>aliorum</span> <span class='ocrx_word' id='word_1_192' title='bbox 377 1965 603 2003; x_wconf 58' lang='lat' dir='ltr'>sanctorum</span> <span class='ocrx_word' id='word_1_193' title='bbox 618 1991 628 2008; x_wconf 93' lang='lat'>,</span> <span class='ocrx_word' id='word_1_194' title='bbox 663 1967 752 2017; x_wconf 90' lang='lat' dir='ltr'>(per</span> <span class='ocrx_word' id='word_1_195' title='bbox 773 1961 880 2016; x_wconf 91' lang='lat' dir='ltr'>quod</span> <span class='ocrx_word' id='word_1_196' title='bbox 902 1976 999 2002; x_wconf 92' lang='lat' dir='ltr'>con-</span> 
     </span>
     <span class='ocr_line' id='line_1_39' title="bbox 201 2020 999 2076; baseline 0.001 -17"><span class='ocrx_word' id='word_1_197' title='bbox 201 2023 332 2075; x_wconf 86' lang='lat' dir='ltr'>ceptio</span> <span class='ocrx_word' id='word_1_198' title='bbox 342 2020 595 2076; x_wconf 82' lang='lat' dir='ltr'>significatur)</span> <span class='ocrx_word' id='word_1_199' title='bbox 621 2020 829 2075; x_wconf 50' lang='lat' dir='ltr'>subjectum</span> <span class='ocrx_word' id='word_1_200' title='bbox 840 2020 910 2060; x_wconf 91' lang='lat' dir='ltr'>fuit</span> <span class='ocrx_word' id='word_1_201' title='bbox 924 2022 999 2060; x_wconf 87' lang='lat' dir='ltr'>Lu-</span> 
     </span>
     <span class='ocr_line' id='line_1_40' title="bbox 205 2078 999 2135; baseline 0 -17"><span class='ocrx_word' id='word_1_202' title='bbox 205 2093 287 2123; x_wconf 85' lang='lat' dir='ltr'>nae,</span> <span class='ocrx_word' id='word_1_203' title='bbox 318 2079 358 2118; x_wconf 89' lang='lat' dir='ltr'>id</span> <span class='ocrx_word' id='word_1_204' title='bbox 370 2079 444 2123; x_wconf 87' lang='lat' dir='ltr'>est,</span> <span class='ocrx_word' id='word_1_205' title='bbox 475 2079 804 2135; x_wconf 67' lang='lat' dir='ltr'>defestuigratiae,</span> <span class='ocrx_word' id='word_1_206' title='bbox 836 2084 876 2121; x_wconf 86' lang='lat'>&amp;</span> <span class='ocrx_word' id='word_1_207' title='bbox 896 2078 999 2134; x_wconf 84' lang='lat' dir='ltr'>justi-</span> 
     </span>
     <span class='ocr_line' id='line_1_41' title="bbox 206 2136 1002 2193; baseline 0.001 -17"><span class='ocrx_word' id='word_1_208' title='bbox 206 2140 268 2176; x_wconf 85' lang='lat' dir='ltr'>tiae</span> <span class='ocrx_word' id='word_1_209' title='bbox 287 2137 483 2193; x_wconf 80' lang='lat' dir='ltr'>originalis</span> <span class='ocrx_word' id='word_1_210' title='bbox 495 2167 503 2183; x_wconf 95' lang='lat'>,</span> <span class='ocrx_word' id='word_1_211' title='bbox 535 2141 582 2178; x_wconf 93' lang='lat' dir='ltr'>M</span> <span class='ocrx_word' id='word_1_212' title='bbox 595 2152 657 2178; x_wconf 72' lang='lat' dir='ltr'>AR</span> <span class='ocrx_word' id='word_1_213' title='bbox 668 2153 681 2178; x_wconf 93' lang='lat'>1</span> <span class='ocrx_word' id='word_1_214' title='bbox 695 2154 720 2177; x_wconf 83' lang='lat' dir='ltr'>A</span> <span class='ocrx_word' id='word_1_215' title='bbox 742 2136 820 2178; x_wconf 84' lang='lat' dir='ltr'>sola</span> <span class='ocrx_word' id='word_1_216' title='bbox 834 2166 845 2184; x_wconf 90' lang='lat'>,</span> <span class='ocrx_word' id='word_1_217' title='bbox 871 2141 1002 2178; x_wconf 88' lang='lat' dir='ltr'>omni-</span> 
     </span>
     <span class='ocr_line' id='line_1_42' title="bbox 208 2195 1001 2250; baseline 0 -15"><span class='ocrx_word' id='word_1_218' title='bbox 208 2195 276 2236; x_wconf 87' lang='lat' dir='ltr'>bus</span> <span class='ocrx_word' id='word_1_219' title='bbox 288 2195 440 2250; x_wconf 88' lang='lat' dir='ltr'>reliquis</span> <span class='ocrx_word' id='word_1_220' title='bbox 463 2199 624 2242; x_wconf 62' lang='lat' dir='ltr'>Sanctis,</span> <span class='ocrx_word' id='word_1_221' title='bbox 656 2200 775 2237; x_wconf 90' lang='lat' dir='ltr'>etiam</span> <span class='ocrx_word' id='word_1_222' title='bbox 800 2198 976 2236; x_wconf 85' lang='lat' dir='ltr'>maximis</span> <span class='ocrx_word' id='word_1_223' title='bbox 990 2225 1001 2242; x_wconf 91' lang='lat'>,</span> 
     </span>
     <span class='ocr_line' id='line_1_43' title="bbox 208 2253 1004 2310; baseline 0.001 -16"><span class='ocrx_word' id='word_1_224' title='bbox 208 2253 373 2309; x_wconf 86' lang='lat' dir='ltr'>superior</span> <span class='ocrx_word' id='word_1_225' title='bbox 387 2284 398 2300; x_wconf 94' lang='lat'>,</span> <span class='ocrx_word' id='word_1_226' title='bbox 432 2255 534 2295; x_wconf 88' lang='lat' dir='ltr'>hanc</span> <span class='ocrx_word' id='word_1_227' title='bbox 546 2259 676 2294; x_wconf 87' lang='lat' dir='ltr'>Lunam</span> <span class='ocrx_word' id='word_1_228' title='bbox 689 2254 753 2295; x_wconf 87' lang='lat' dir='ltr'>sub</span> <span class='ocrx_word' id='word_1_229' title='bbox 766 2254 924 2310; x_wconf 86' lang='lat' dir='ltr'>pedibus</span> <span class='ocrx_word' id='word_1_230' title='bbox 935 2254 1004 2295; x_wconf 88' lang='lat' dir='ltr'>ha-</span> 
     </span>
     <span class='ocr_line' id='line_1_44' title="bbox 210 2312 1004 2369; baseline 0.001 -17"><span class='ocrx_word' id='word_1_231' title='bbox 210 2312 300 2352; x_wconf 87' lang='lat' dir='ltr'>beat</span> <span class='ocrx_word' id='word_1_232' title='bbox 320 2339 331 2356; x_wconf 84' lang='lat'>‚</span> <span class='ocrx_word' id='word_1_233' title='bbox 362 2327 497 2369; x_wconf 88' lang='lat' dir='ltr'>utpote</span> <span class='ocrx_word' id='word_1_234' title='bbox 518 2317 559 2354; x_wconf 91' lang='lat' dir='ltr'>in</span> <span class='ocrx_word' id='word_1_235' title='bbox 583 2313 659 2368; x_wconf 68' lang='lat' dir='ltr'>qua</span> <span class='ocrx_word' id='word_1_236' title='bbox 681 2313 807 2353; x_wconf 86' lang='lat' dir='ltr'>nullus</span> <span class='ocrx_word' id='word_1_237' title='bbox 832 2312 1004 2368; x_wconf 71' lang='lat' dir='ltr'>unquam</span> 
     </span>
     <span class='ocr_line' id='line_1_45' title="bbox 212 2369 1005 2428; baseline 0 -18"><span class='ocrx_word' id='word_1_238' title='bbox 212 2369 379 2411; x_wconf 67' lang='lat' dir='ltr'>defectus</span> <span class='ocrx_word' id='word_1_239' title='bbox 404 2372 497 2412; x_wconf 88' lang='lat' dir='ltr'>lucis</span> <span class='ocrx_word' id='word_1_240' title='bbox 513 2371 789 2428; x_wconf 84' lang='lat' dir='ltr'>reperiebatur,</span> <span class='ocrx_word' id='word_1_241' title='bbox 820 2386 904 2425; x_wconf 83' lang='lat' dir='ltr'>quae</span> <span class='ocrx_word' id='word_1_242' title='bbox 919 2370 1005 2411; x_wconf 90' lang='lat' dir='ltr'>nul-</span> 
     </span>
     <span class='ocr_line' id='line_1_46' title="bbox 212 2427 1005 2486; baseline 0.001 -18"><span class='ocrx_word' id='word_1_243' title='bbox 212 2427 252 2468; x_wconf 90' lang='lat' dir='ltr'>lo</span> <span class='ocrx_word' id='word_1_244' title='bbox 260 2443 468 2470; x_wconf 84' lang='lat' dir='ltr'>momento</span> <span class='ocrx_word' id='word_1_245' title='bbox 479 2432 619 2476; x_wconf 78' lang='lat' dir='ltr'>minuta,</span> <span class='ocrx_word' id='word_1_246' title='bbox 639 2429 702 2471; x_wconf 91' lang='lat' dir='ltr'>sed</span> <span class='ocrx_word' id='word_1_247' title='bbox 721 2430 1005 2486; x_wconf 79' lang='lat' dir='ltr'>constanterplena‚</span> 
     </span>
     <span class='ocr_line' id='line_1_47' title="bbox 214 2485 1005 2544; baseline 0.003 -18"><span class='ocrx_word' id='word_1_248' title='bbox 214 2485 297 2527; x_wconf 72' lang='lat' dir='ltr'>imo</span> <span class='ocrx_word' id='word_1_249' title='bbox 315 2487 492 2544; x_wconf 78' lang='lat' dir='ltr'>Soleiplb</span> <span class='ocrx_word' id='word_1_250' title='bbox 503 2488 574 2529; x_wconf 88' lang='lat' dir='ltr'>fuit</span> <span class='ocrx_word' id='word_1_251' title='bbox 583 2488 716 2529; x_wconf 88' lang='lat' dir='ltr'>vestita</span> <span class='ocrx_word' id='word_1_252' title='bbox 727 2518 737 2534; x_wconf 87' lang='lat'>,</span> <span class='ocrx_word' id='word_1_253' title='bbox 768 2491 938 2542; x_wconf 89' lang='lat' dir='ltr'>quicum</span> <span class='ocrx_word' id='word_1_254' title='bbox 949 2502 1005 2529; x_wconf 91' lang='lat' dir='ltr'>te-</span> 
     </span>
     <span class='ocr_line' id='line_1_48' title="bbox 214 2545 1007 2604; baseline 0.003 -19"><span class='ocrx_word' id='word_1_255' title='bbox 214 2545 341 2586; x_wconf 86' lang='lat' dir='ltr'>nebris</span> <span class='ocrx_word' id='word_1_256' title='bbox 356 2545 477 2602; x_wconf 81' lang='lat' dir='ltr'>culpae</span> <span class='ocrx_word' id='word_1_257' title='bbox 488 2546 683 2604; x_wconf 71' lang='lat' dir='ltr'>originalis</span> <span class='ocrx_word' id='word_1_258' title='bbox 696 2546 751 2587; x_wconf 87' lang='lat' dir='ltr'>nil</span> <span class='ocrx_word' id='word_1_259' title='bbox 770 2545 888 2587; x_wconf 87' lang='lat' dir='ltr'>habet</span> <span class='ocrx_word' id='word_1_260' title='bbox 897 2561 1007 2587; x_wconf 89' lang='lat' dir='ltr'>com-</span> 
     </span>
     <span class='ocr_line' id='line_1_49' title="bbox 213 2607 1008 2662; baseline 0.003 -19"><span class='ocrx_word' id='word_1_261' title='bbox 213 2618 344 2645; x_wconf 87' lang='lat' dir='ltr'>mune.</span> <span class='ocrx_word' id='word_1_262' title='bbox 405 2607 522 2646; x_wconf 86' lang='lat' dir='ltr'>Hanc</span> <span class='ocrx_word' id='word_1_263' title='bbox 551 2619 645 2662; x_wconf 86' lang='lat' dir='ltr'>ergo</span> <span class='ocrx_word' id='word_1_264' title='bbox 667 2608 799 2645; x_wconf 74' lang='lat' dir='ltr'>Lunam</span> <span class='ocrx_word' id='word_1_265' title='bbox 822 2608 904 2660; x_wconf 89' lang='lat' dir='ltr'>quis</span> <span class='ocrx_word' id='word_1_266' title='bbox 925 2620 1008 2646; x_wconf 90' lang='lat' dir='ltr'>non</span> 
     </span>
     <span class='ocr_line' id='line_1_50' title="bbox 217 2663 1009 2720; baseline 0.003 -19"><span class='ocrx_word' id='word_1_267' title='bbox 217 2666 393 2704; x_wconf 79' lang='lat' dir='ltr'>miretur?</span> <span class='ocrx_word' id='word_1_268' title='bbox 424 2669 507 2717; x_wconf 86' lang='lat' dir='ltr'>quis</span> <span class='ocrx_word' id='word_1_269' title='bbox 547 2679 632 2705; x_wconf 92' lang='lat' dir='ltr'>non</span> <span class='ocrx_word' id='word_1_270' title='bbox 673 2663 722 2704; x_wconf 84' lang='lat' dir='ltr'>ad</span> <span class='ocrx_word' id='word_1_271' title='bbox 753 2663 1009 2720; x_wconf 86' lang='lat' dir='ltr'>pleniffimum</span> 
     </span>
     <span class='ocr_line' id='line_1_51' title="bbox 218 2721 1010 2769; baseline 0.004 -10"><span class='ocrx_word' id='word_1_272' title='bbox 218 2722 364 2761; x_wconf 52' lang='lat' dir='ltr'>Minu</span> <span class='ocrx_word' id='word_1_273' title='bbox 381 2737 416 2762; x_wconf 81' lang='lat' dir='ltr'>AE</span> <span class='ocrx_word' id='word_1_274' title='bbox 436 2721 569 2763; x_wconf 86' lang='lat' dir='ltr'>lumen</span> <span class='ocrx_word' id='word_1_275' title='bbox 582 2752 594 2769; x_wconf 91' lang='lat'>,</span> <span class='ocrx_word' id='word_1_276' title='bbox 620 2721 693 2763; x_wconf 83' lang='lat' dir='ltr'>iter</span> <span class='ocrx_word' id='word_1_277' title='bbox 716 2722 823 2763; x_wconf 90' lang='lat' dir='ltr'>suurn</span> <span class='ocrx_word' id='word_1_278' title='bbox 840 2751 852 2769; x_wconf 91' lang='lat'><em>‚</em></span> <span class='ocrx_word' id='word_1_279' title='bbox 884 2724 1010 2763; x_wconf 73' lang='lat' dir='ltr'>versus</span> 
     </span>
     <span class='ocr_line' id='line_1_52' title="bbox 219 2777 1012 2822; baseline 0.004 -5"><span class='ocrx_word' id='word_1_280' title='bbox 219 2777 430 2820; x_wconf 88' lang='lat' dir='ltr'>Coelestem</span> <span class='ocrx_word' id='word_1_281' title='bbox 439 2782 604 2822; x_wconf 84' lang='lat' dir='ltr'>Patriam</span> <span class='ocrx_word' id='word_1_282' title='bbox 614 2781 807 2822; x_wconf 88' lang='lat' dir='ltr'>instituere</span> <span class='ocrx_word' id='word_1_283' title='bbox 822 2794 986 2822; x_wconf 91' lang='lat' dir='ltr'>conetur</span> <span class='ocrx_word' id='word_1_284' title='bbox 1000 2792 1012 2820; x_wconf 85' lang='lat'>.&gt;</span> 
     </span>
     <span class='ocr_line' id='line_1_53' title="bbox 221 2835 1017 2884; baseline 0.004 -9"><span class='ocrx_word' id='word_1_285' title='bbox 221 2835 248 2875; x_wconf 89' lang='lat' dir='ltr'>si</span> <span class='ocrx_word' id='word_1_286' title='bbox 261 2839 368 2877; x_wconf 90' lang='lat' dir='ltr'>enim</span> <span class='ocrx_word' id='word_1_287' title='bbox 386 2852 469 2878; x_wconf 90' lang='lat' dir='ltr'>non</span> <span class='ocrx_word' id='word_1_288' title='bbox 488 2842 651 2880; x_wconf 88' lang='lat' dir='ltr'>minima</span> <span class='ocrx_word' id='word_1_289' title='bbox 666 2839 745 2880; x_wconf 87' lang='lat' dir='ltr'>laus</span> <span class='ocrx_word' id='word_1_290' title='bbox 760 2839 814 2880; x_wconf 88' lang='lat' dir='ltr'>est</span> <span class='ocrx_word' id='word_1_291' title='bbox 825 2842 927 2879; x_wconf 88' lang='lat' dir='ltr'>Lunae</span> <span class='ocrx_word' id='word_1_292' title='bbox 939 2869 949 2884; x_wconf 91' lang='lat'>‚</span> <span class='ocrx_word' id='word_1_293' title='bbox 975 2852 1017 2879; x_wconf 92' lang='lat' dir='ltr'>ut</span> 
     </span>
     <span class='ocr_line' id='line_1_54' title="bbox 223 2893 1017 2954; baseline 0.006 -21"><span class='ocrx_word' id='word_1_294' title='bbox 223 2893 266 2934; x_wconf 82' lang='lat' dir='ltr'>sit</span> <span class='ocrx_word' id='word_1_295' title='bbox 282 2893 452 2937; x_wconf 81' lang='lat' dir='ltr'>solamen</span> <span class='ocrx_word' id='word_1_296' title='bbox 473 2899 545 2937; x_wconf 90' lang='lat' dir='ltr'>iter</span> <span class='ocrx_word' id='word_1_297' title='bbox 560 2901 780 2954; x_wconf 84' lang='lat' dir='ltr'>agentium,</span> <span class='ocrx_word' id='word_1_298' title='bbox 805 2897 875 2938; x_wconf 88' lang='lat' dir='ltr'>ah!</span> <span class='ocrx_word' id='word_1_299' title='bbox 898 2897 1017 2951; x_wconf 74' lang='lat' dir='ltr'>quam</span> 
     </span>
     <span class='ocr_line' id='line_1_55' title="bbox 225 2952 1017 3010; baseline 0.005 -18"><span class='ocrx_word' id='word_1_300' title='bbox 225 2953 371 3008; x_wconf 83' lang='lat' dir='ltr'>grande</span> <span class='ocrx_word' id='word_1_301' title='bbox 405 2952 577 2994; x_wconf 85' lang='lat' dir='ltr'>solamen</span> <span class='ocrx_word' id='word_1_302' title='bbox 604 2959 676 2996; x_wconf 90' lang='lat' dir='ltr'>erit</span> <span class='ocrx_word' id='word_1_303' title='bbox 702 2954 768 2996; x_wconf 88' lang='lat' dir='ltr'>illa</span> <span class='ocrx_word' id='word_1_304' title='bbox 804 2959 1017 3010; x_wconf 87' lang='lat' dir='ltr'>peccatori-</span> 
     </span>
     <span class='ocr_line' id='line_1_56' title="bbox 226 3011 1017 3069; baseline 0.004 -18"><span class='ocrx_word' id='word_1_305' title='bbox 226 3011 319 3052; x_wconf 79' lang='lat' dir='ltr'>bus.&gt;</span> <span class='ocrx_word' id='word_1_306' title='bbox 349 3014 413 3066; x_wconf 92' lang='lat' dir='ltr'>qui</span> <span class='ocrx_word' id='word_1_307' title='bbox 435 3012 530 3052; x_wconf 89' lang='lat' dir='ltr'>dum</span> <span class='ocrx_word' id='word_1_308' title='bbox 553 3012 643 3053; x_wconf 71' lang='lat' dir='ltr'>alias</span> <span class='ocrx_word' id='word_1_309' title='bbox 666 3013 987 3069; x_wconf 84' lang='lat' dir='ltr'>progrederentur</span> <span class='ocrx_word' id='word_1_310' title='bbox 1005 3042 1017 3060; x_wconf 90' lang='lat'>,</span> 
     </span>
     <span class='ocr_line' id='line_1_57' title="bbox 226 3070 1015 3126; baseline 0.005 -17"><span class='ocrx_word' id='word_1_311' title='bbox 226 3072 268 3110; x_wconf 85' lang='lat' dir='ltr'>in</span> <span class='ocrx_word' id='word_1_312' title='bbox 313 3070 374 3112; x_wconf 67' lang='lat' dir='ltr'>via</span> <span class='ocrx_word' id='word_1_313' title='bbox 405 3084 670 3126; x_wconf 79' lang='lat' dir='ltr'>peccatorum,</span> <span class='ocrx_word' id='word_1_314' title='bbox 703 3078 744 3114; x_wconf 72' lang='grc' dir='ltr'>δε</span> <span class='ocrx_word' id='word_1_315' title='bbox 782 3073 1015 3125; x_wconf 87' lang='lat' dir='ltr'>iniquitatis,</span> 
     </span>
     <span class='ocr_line' id='line_1_58' title="bbox 225 3127 1016 3184; baseline 0.004 -15"><span class='ocrx_word' id='word_1_316' title='bbox 225 3142 340 3184; x_wconf 78' lang='lat' dir='ltr'>atque</span> <span class='ocrx_word' id='word_1_317' title='bbox 362 3128 484 3174; x_wconf 75' lang='lat' dir='ltr'>adeo,</span> <span class='ocrx_word' id='word_1_318' title='bbox 513 3128 566 3171; x_wconf 91' lang='lat' dir='ltr'>ob</span> <span class='ocrx_word' id='word_1_319' title='bbox 584 3129 809 3172; x_wconf 71' lang='lat' dir='ltr'>densiffimas</span> <span class='ocrx_word' id='word_1_320' title='bbox 821 3127 1016 3176; x_wconf 84' lang='lat' dir='ltr'>scelerum,</span> 
     </span>
    </p>
   </div>
   <div class='ocr_carea' id='block_1_13' title="bbox 1011 140 1822 1080">
    <p class='ocr_par' dir='ltr' id='par_1_13' title="bbox 1011 140 1822 1080">
     <span class='ocr_line' id='line_1_59' title="bbox 1011 140 1806 202; baseline -0.013 -12"><span class='ocrx_word' id='word_1_321' title='bbox 1011 164 1055 190; x_wconf 85' lang='lat' dir='ltr'>ac</span> <span class='ocrx_word' id='word_1_322' title='bbox 1070 148 1308 190; x_wconf 87' lang='lat' dir='ltr'>macularum</span> <span class='ocrx_word' id='word_1_323' title='bbox 1329 144 1588 202; x_wconf 88' lang='lat' dir='ltr'>complurium</span> <span class='ocrx_word' id='word_1_324' title='bbox 1607 140 1782 185; x_wconf 85' lang='lat' dir='ltr'>tenebras</span> <span class='ocrx_word' id='word_1_325' title='bbox 1794 163 1806 181; x_wconf 82' lang='lat'><strong>&gt;</strong></span> 
     </span>
     <span class='ocr_line' id='line_1_60' title="bbox 1013 199 1807 263; baseline -0.013 -15"><span class='ocrx_word' id='word_1_326' title='bbox 1013 222 1096 248; x_wconf 91' lang='lat' dir='ltr'>non</span> <span class='ocrx_word' id='word_1_327' title='bbox 1111 205 1188 247; x_wconf 73' lang='lat' dir='ltr'>alio</span> <span class='ocrx_word' id='word_1_328' title='bbox 1203 219 1453 263; x_wconf 87' lang='lat' dir='ltr'>properarent</span> <span class='ocrx_word' id='word_1_329' title='bbox 1468 234 1478 250; x_wconf 94' lang='lat'>,</span> <span class='ocrx_word' id='word_1_330' title='bbox 1513 203 1631 259; x_wconf 71' lang='lat' dir='ltr'>quam</span> <span class='ocrx_word' id='word_1_331' title='bbox 1652 201 1701 242; x_wconf 91' lang='lat' dir='ltr'>ad</span> <span class='ocrx_word' id='word_1_332' title='bbox 1718 199 1807 240; x_wconf 88' lang='lat' dir='ltr'>hor-</span> 
     </span>
     <span class='ocr_line' id='line_1_61' title="bbox 1014 262 1809 305; baseline -0.013 0"><span class='ocrx_word' id='word_1_333' title='bbox 1014 266 1180 305; x_wconf 88' lang='lat' dir='ltr'>rendum</span> <span class='ocrx_word' id='word_1_334' title='bbox 1226 264 1367 304; x_wconf 87' lang='lat' dir='ltr'>inferni</span> <span class='ocrx_word' id='word_1_335' title='bbox 1395 262 1642 305; x_wconf 75' lang='lat' dir='ltr'>barathrum,</span> <span class='ocrx_word' id='word_1_336' title='bbox 1675 271 1809 300; x_wconf 86' lang='lat' dir='ltr'>tamen</span> 
     </span>
     <span class='ocr_line' id='line_1_62' title="bbox 1014 316 1810 380; baseline -0.011 -17"><span class='ocrx_word' id='word_1_337' title='bbox 1014 323 1183 380; x_wconf 73' lang='lat' dir='ltr'>gratiosis</span> <span class='ocrx_word' id='word_1_338' title='bbox 1201 325 1370 379; x_wconf 81' lang='lat' dir='ltr'>Virginis</span> <span class='ocrx_word' id='word_1_339' title='bbox 1401 319 1656 362; x_wconf 68' lang='lat' dir='ltr'>immaculatae</span> <span class='ocrx_word' id='word_1_340' title='bbox 1699 316 1810 368; x_wconf 82' lang='lat' dir='ltr'>radijs</span> 
     </span>
     <span class='ocr_line' id='line_1_63' title="bbox 1014 377 1807 428; baseline -0.011 -6"><span class='ocrx_word' id='word_1_341' title='bbox 1014 381 1243 428; x_wconf 90' lang='lat' dir='ltr'>illuminati,</span> <span class='ocrx_word' id='word_1_342' title='bbox 1284 381 1331 421; x_wconf 87' lang='lat' dir='ltr'>ab</span> <span class='ocrx_word' id='word_1_343' title='bbox 1362 382 1516 420; x_wconf 89' lang='lat' dir='ltr'>interitu</span> <span class='ocrx_word' id='word_1_344' title='bbox 1558 377 1807 418; x_wconf 82' lang='lat' dir='ltr'>retrahentur.</span> 
     </span>
     <span class='ocr_line' id='line_1_64' title="bbox 1016 433 1812 496; baseline -0.011 -15"><span class='ocrx_word' id='word_1_345' title='bbox 1016 439 1135 495; x_wconf 72' lang='lat' dir='ltr'>quam</span> <span class='ocrx_word' id='word_1_346' title='bbox 1160 439 1305 496; x_wconf 84' lang='lat' dir='ltr'>grande</span> <span class='ocrx_word' id='word_1_347' title='bbox 1330 442 1446 479; x_wconf 87' lang='lat' dir='ltr'>etiam</span> <span class='ocrx_word' id='word_1_348' title='bbox 1467 440 1539 478; x_wconf 90' lang='lat' dir='ltr'>erit</span> <span class='ocrx_word' id='word_1_349' title='bbox 1559 436 1660 490; x_wconf 84' lang='lat' dir='ltr'>justis</span> <span class='ocrx_word' id='word_1_350' title='bbox 1685 433 1812 475; x_wconf 88' lang='lat' dir='ltr'>solati-</span> 
     </span>
     <span class='ocr_line' id='line_1_65' title="bbox 1017 493 1813 553; baseline -0.01 -14"><span class='ocrx_word' id='word_1_351' title='bbox 1017 514 1084 539; x_wconf 87' lang='lat' dir='ltr'>um</span> <span class='ocrx_word' id='word_1_352' title='bbox 1095 524 1105 542; x_wconf 70' lang='lat'>2</span> <span class='ocrx_word' id='word_1_353' title='bbox 1117 499 1277 553; x_wconf 84' lang='lat' dir='ltr'>jamjam</span> <span class='ocrx_word' id='word_1_354' title='bbox 1288 499 1480 538; x_wconf 86' lang='lat' dir='ltr'>morituris</span> <span class='ocrx_word' id='word_1_355' title='bbox 1492 525 1501 541; x_wconf 92' lang='lat'>,</span> <span class='ocrx_word' id='word_1_356' title='bbox 1522 508 1636 549; x_wconf 86' lang='lat' dir='ltr'>atque</span> <span class='ocrx_word' id='word_1_357' title='bbox 1647 493 1694 534; x_wconf 88' lang='lat' dir='ltr'>ad</span> <span class='ocrx_word' id='word_1_358' title='bbox 1706 506 1813 532; x_wconf 83' lang='lat' dir='ltr'>aeter-</span> 
     </span>
     <span class='ocr_line' id='line_1_66' title="bbox 1020 553 1813 612; baseline -0.011 -14"><span class='ocrx_word' id='word_1_359' title='bbox 1020 561 1183 597; x_wconf 86' lang='lat' dir='ltr'>nitatem</span> <span class='ocrx_word' id='word_1_360' title='bbox 1205 561 1275 597; x_wconf 86' lang='lat' dir='ltr'>iter</span> <span class='ocrx_word' id='word_1_361' title='bbox 1295 554 1493 612; x_wconf 84' lang='lat' dir='ltr'>agentibus</span> <span class='ocrx_word' id='word_1_362' title='bbox 1517 583 1528 599; x_wconf 89' lang='lat'><em>‚</em></span> <span class='ocrx_word' id='word_1_363' title='bbox 1560 553 1609 593; x_wconf 89' lang='lat' dir='ltr'>ad</span> <span class='ocrx_word' id='word_1_364' title='bbox 1631 555 1813 593; x_wconf 78' lang='lat' dir='ltr'>MARIAM</span> 
     </span>
     <span class='ocr_line' id='line_1_67' title="bbox 1021 611 1816 670; baseline -0.009 -14"><span class='ocrx_word' id='word_1_365' title='bbox 1021 614 1242 670; x_wconf 85' lang='lat' dir='ltr'>frequenter</span> <span class='ocrx_word' id='word_1_366' title='bbox 1255 611 1464 670; x_wconf 73' lang='lat' dir='ltr'>respexisse:</span> <span class='ocrx_word' id='word_1_367' title='bbox 1481 612 1588 665; x_wconf 84' lang='lat' dir='ltr'>hujus</span> <span class='ocrx_word' id='word_1_368' title='bbox 1600 613 1718 651; x_wconf 82' lang='lat' dir='ltr'>Lunae</span> <span class='ocrx_word' id='word_1_369' title='bbox 1731 623 1816 663; x_wconf 83' lang='lat' dir='ltr'>my-</span> 
     </span>
     <span class='ocr_line' id='line_1_68' title="bbox 1021 665 1818 730; baseline -0.011 -15"><span class='ocrx_word' id='word_1_370' title='bbox 1021 673 1125 715; x_wconf 82' lang='lat' dir='ltr'>sticae</span> <span class='ocrx_word' id='word_1_371' title='bbox 1172 673 1427 730; x_wconf 73' lang='lat' dir='ltr'>plenissimum</span> <span class='ocrx_word' id='word_1_372' title='bbox 1463 674 1590 728; x_wconf 80' lang='lat' dir='ltr'>gratiae</span> <span class='ocrx_word' id='word_1_373' title='bbox 1623 665 1818 725; x_wconf 82' lang='lat' dir='ltr'>originalis</span> 
     </span>
     <span class='ocr_line' id='line_1_69' title="bbox 1025 728 1818 774; baseline -0.011 -1"><span class='ocrx_word' id='word_1_374' title='bbox 1025 732 1159 774; x_wconf 85' lang='lat' dir='ltr'>lumen</span> <span class='ocrx_word' id='word_1_375' title='bbox 1192 730 1467 773; x_wconf 87' lang='lat' dir='ltr'>venerabundo</span> <span class='ocrx_word' id='word_1_376' title='bbox 1497 728 1634 770; x_wconf 87' lang='lat' dir='ltr'>obtutu</span> <span class='ocrx_word' id='word_1_377' title='bbox 1660 730 1818 767; x_wconf 87' lang='lat' dir='ltr'>intuitos</span> 
     </span>
     <span class='ocr_line' id='line_1_70' title="bbox 1026 782 1820 845; baseline -0.011 -13"><span class='ocrx_word' id='word_1_378' title='bbox 1026 790 1154 832; x_wconf 66' lang='lat' dir='ltr'>fuisse?</span> <span class='ocrx_word' id='word_1_379' title='bbox 1185 790 1258 831; x_wconf 65' lang='lat' dir='ltr'>hac</span> <span class='ocrx_word' id='word_1_380' title='bbox 1275 794 1380 830; x_wconf 88' lang='lat' dir='ltr'>enim</span> <span class='ocrx_word' id='word_1_381' title='bbox 1395 787 1622 845; x_wconf 65' lang='lat' dir='ltr'>praelucente</span> <span class='ocrx_word' id='word_1_382' title='bbox 1639 815 1650 832; x_wconf 89' lang='lat'>,</span> <span class='ocrx_word' id='word_1_383' title='bbox 1681 784 1703 825; x_wconf 68' lang='grc' dir='ltr'>ὲ.</span> <span class='ocrx_word' id='word_1_384' title='bbox 1720 782 1820 824; x_wconf 65' lang='lat' dir='ltr'>reeta</span> 
     </span>
     <span class='ocr_line' id='line_1_71' title="bbox 1028 843 1820 893; baseline -0.013 -3"><span class='ocrx_word' id='word_1_385' title='bbox 1028 849 1160 890; x_wconf 64' lang='lat' dir='ltr'>semita</span> <span class='ocrx_word' id='word_1_386' title='bbox 1190 864 1272 889; x_wconf 91' lang='lat' dir='ltr'>non</span> <span class='ocrx_word' id='word_1_387' title='bbox 1299 847 1556 893; x_wconf 77' lang='lat' dir='ltr'>aberrabunt5</span> <span class='ocrx_word' id='word_1_388' title='bbox 1588 843 1693 886; x_wconf 79' lang='lat' dir='ltr'>idem</span> <span class='ocrx_word' id='word_1_389' title='bbox 1713 845 1820 884; x_wconf 88' lang='lat' dir='ltr'>enim</span> 
     </span>
     <span class='ocr_line' id='line_1_72' title="bbox 1033 901 1820 961; baseline -0.01 -12"><span class='ocrx_word' id='word_1_390' title='bbox 1033 911 1252 953; x_wconf 78' lang='lat' dir='ltr'>Dominus,</span> <span class='ocrx_word' id='word_1_391' title='bbox 1282 910 1346 961; x_wconf 89' lang='lat' dir='ltr'>qui</span> <span class='ocrx_word' id='word_1_392' title='bbox 1368 908 1547 950; x_wconf 55' lang='lat' dir='ltr'>Mintur,</span> <span class='ocrx_word' id='word_1_393' title='bbox 1580 908 1619 943; x_wconf 87' lang='lat' dir='ltr'>in</span> <span class='ocrx_word' id='word_1_394' title='bbox 1647 901 1706 943; x_wconf 64' lang='lat' dir='ltr'>sua</span> <span class='ocrx_word' id='word_1_395' title='bbox 1724 915 1820 942; x_wconf 85' lang='lat' dir='ltr'>con-</span> 
     </span>
     <span class='ocr_line' id='line_1_73' title="bbox 1033 960 1822 1023; baseline -0.011 -16"><span class='ocrx_word' id='word_1_396' title='bbox 1033 970 1228 1023; x_wconf 84' lang='lat' dir='ltr'>ceptione,</span> <span class='ocrx_word' id='word_1_397' title='bbox 1258 967 1455 1005; x_wconf 88' lang='lat' dir='ltr'>eritetiam</span> <span class='ocrx_word' id='word_1_398' title='bbox 1479 963 1572 1009; x_wconf 86' lang='lat' dir='ltr'>illis,</span> <span class='ocrx_word' id='word_1_399' title='bbox 1594 960 1706 1002; x_wconf 53' lang='lat' dir='ltr'>insuti</span> <span class='ocrx_word' id='word_1_400' title='bbox 1718 975 1822 1000; x_wconf 90' lang='lat' dir='ltr'>mor-</span> 
     </span>
     <span class='ocr_line' id='line_1_74' title="bbox 1032 1023 1506 1080; baseline -0.008 -14"><span class='ocrx_word' id='word_1_401' title='bbox 1032 1038 1070 1066; x_wconf 86' lang='lat' dir='ltr'>te</span> <span class='ocrx_word' id='word_1_402' title='bbox 1085 1055 1096 1073; x_wconf 89' lang='lat'>,</span> <span class='ocrx_word' id='word_1_403' title='bbox 1122 1027 1156 1066; x_wconf 84' lang='lat' dir='ltr'>in</span> <span class='ocrx_word' id='word_1_404' title='bbox 1171 1025 1268 1064; x_wconf 84' lang='lat' dir='ltr'>lucem</span> <span class='ocrx_word' id='word_1_405' title='bbox 1271 1023 1506 1080; x_wconf 67' lang='lat' dir='ltr'>fimpiternam.</span> 
     </span>
    </p>
   </div>
   <div class='ocr_carea' id='block_1_14' title="bbox 1214 1135 1661 1207">
    <p class='ocr_par' dir='ltr' id='par_1_14' title="bbox 1214 1135 1661 1207">
     <span class='ocr_line' id='line_1_75' title="bbox 1214 1135 1661 1207; baseline -0.013 -17"><span class='ocrx_word' id='word_1_406' title='bbox 1214 1142 1253 1207; x_wconf 86' lang='lat'>§.</span> <span class='ocrx_word' id='word_1_407' title='bbox 1277 1152 1330 1193; x_wconf 81' lang='lat'>2.</span> <span class='ocrx_word' id='word_1_408' title='bbox 1363 1135 1661 1190; x_wconf 71' lang='lat' dir='ltr'>Authoritas.</span> 
     </span>
    </p>
   </div>
   <div class='ocr_carea' id='block_1_15' title="bbox 1071 1240 1793 1376">
    <p class='ocr_par' dir='ltr' id='par_1_15' title="bbox 1071 1240 1793 1376">
     <span class='ocr_line' id='line_1_76' title="bbox 1071 1240 1793 1312; baseline -0.019 -12"><span class='ocrx_word' id='word_1_409' title='bbox 1071 1256 1149 1300; x_wconf 74' lang='lat' dir='ltr'>S.1³</span> <span class='ocrx_word' id='word_1_410' title='bbox 1163 1267 1186 1298; x_wconf 90' lang='lat' dir='ltr'>e</span> <span class='ocrx_word' id='word_1_411' title='bbox 1202 1263 1219 1296; x_wconf 90' lang='lat' dir='ltr'>t</span> <span class='ocrx_word' id='word_1_412' title='bbox 1231 1265 1251 1295; x_wconf 92' lang='lat' dir='ltr'>r</span> <span class='ocrx_word' id='word_1_413' title='bbox 1264 1251 1307 1295; x_wconf 92' lang='lat' dir='ltr'>V</span> <span class='ocrx_word' id='word_1_414' title='bbox 1320 1261 1338 1293; x_wconf 81' lang='lat' dir='ltr'>s</span> <span class='ocrx_word' id='word_1_415' title='bbox 1393 1240 1751 1312; x_wconf 84' lang='lat' dir='ltr'>ChrIJsoLong</span> <span class='ocrx_word' id='word_1_416' title='bbox 1779 1273 1793 1297; x_wconf 93' lang='lat'><em>‚</em></span> 
     </span>
     <span class='ocr_line' id='line_1_77' title="bbox 1194 1317 1676 1376; baseline -0.021 -9"><span class='ocrx_word' id='word_1_417' title='bbox 1194 1317 1367 1367; x_wconf 84' lang='lat' dir='ltr'>LabeM</span> <span class='ocrx_word' id='word_1_418' title='bbox 1412 1319 1676 1376; x_wconf 79' lang='lat' dir='ltr'>Denegans.</span> 
     </span>
    </p>
   </div>
   <div class='ocr_carea' id='block_1_16' title="bbox 1038 1406 1840 1729">
    <p class='ocr_par' dir='ltr' id='par_1_16' title="bbox 1038 1406 1840 1729">
     <span class='ocr_line' id='line_1_78' title="bbox 1038 1406 1835 1474; baseline -0.011 -15"><span class='ocrx_word' id='word_1_419' title='bbox 1038 1406 1176 1461; x_wconf 72' lang='lat' dir='ltr'>Ave!</span> <span class='ocrx_word' id='word_1_420' title='bbox 1222 1419 1277 1458; x_wconf 85' lang='lat' dir='ltr'>hoc</span> <span class='ocrx_word' id='word_1_421' title='bbox 1296 1418 1357 1474; x_wconf 85' lang='lat' dir='ltr'>cst,</span> <span class='ocrx_word' id='word_1_422' title='bbox 1388 1416 1506 1473; x_wconf 77' lang='lat' dir='ltr'>Accipe</span> <span class='ocrx_word' id='word_1_423' title='bbox 1522 1414 1686 1470; x_wconf 73' lang='lat' dir='ltr'>gratiam:</span> <span class='ocrx_word' id='word_1_424' title='bbox 1712 1427 1751 1451; x_wconf 82' lang='lat' dir='ltr'>ne</span> <span class='ocrx_word' id='word_1_425' title='bbox 1769 1425 1835 1451; x_wconf 82' lang='lat' dir='ltr'>tre-</span> 
     </span>
     <span class='ocr_line' id='line_1_79' title="bbox 1120 1485 1837 1548; baseline -0.015 -18"><span class='ocrx_word' id='word_1_426' title='bbox 1120 1489 1233 1548; x_wconf 78' lang='lat' dir='ltr'>pides:</span> <span class='ocrx_word' id='word_1_427' title='bbox 1259 1506 1297 1529; x_wconf 83' lang='lat' dir='ltr'>ne</span> <span class='ocrx_word' id='word_1_428' title='bbox 1303 1488 1349 1543; x_wconf 81' lang='lat' dir='ltr'>fis</span> <span class='ocrx_word' id='word_1_429' title='bbox 1349 1489 1489 1544; x_wconf 65' lang='lat' dir='ltr'>stallicita</span> <span class='ocrx_word' id='word_1_430' title='bbox 1509 1487 1548 1527; x_wconf 86' lang='lat' dir='ltr'>de</span> <span class='ocrx_word' id='word_1_431' title='bbox 1567 1485 1837 1542; x_wconf 62' lang='lat' dir='ltr'>naturalgra-</span> 
     </span>
     <span class='ocr_line' id='line_1_80' title="bbox 1129 1545 1838 1618; baseline -0.014 -18"><span class='ocrx_word' id='word_1_432' title='bbox 1129 1545 1200 1600; x_wconf 69' lang='lat' dir='ltr'>tid</span> <span class='ocrx_word' id='word_1_433' title='bbox 1217 1545 1380 1618; x_wconf 50' lang='lat' dir='ltr'>plenam</span> <span class='ocrx_word' id='word_1_434' title='bbox 1417 1558 1491 1616; x_wconf 80' lang='lat' dir='ltr'>quia</span> <span class='ocrx_word' id='word_1_435' title='bbox 1505 1559 1538 1596; x_wconf 79' lang='lat' dir='ltr'>in</span> <span class='ocrx_word' id='word_1_436' title='bbox 1553 1557 1628 1611; x_wconf 78' lang='lat' dir='ltr'>alijs</span> <span class='ocrx_word' id='word_1_437' title='bbox 1646 1553 1779 1616; x_wconf 50' lang='lat' dir='ltr'>gratia,</span> <span class='ocrx_word' id='word_1_438' title='bbox 1795 1552 1838 1591; x_wconf 65' lang='lat' dir='ltr'>{n</span> 
     </span>
     <span class='ocr_line' id='line_1_81' title="bbox 1131 1609 1840 1674; baseline -0.01 -15"><span class='ocrx_word' id='word_1_439' title='bbox 1131 1619 1179 1660; x_wconf 74' lang='grc' dir='ltr'><strong><em>Ίέ</em></strong></span> <span class='ocrx_word' id='word_1_440' title='bbox 1204 1633 1272 1658; x_wconf 80' lang='lat' dir='ltr'>tota</span> <span class='ocrx_word' id='word_1_441' title='bbox 1282 1619 1398 1674; x_wconf 81' lang='lat' dir='ltr'>gratiae</span> <span class='ocrx_word' id='word_1_442' title='bbox 1410 1617 1534 1674; x_wconf 75' lang='lat' dir='ltr'>pariter</span> <span class='ocrx_word' id='word_1_443' title='bbox 1548 1609 1840 1671; x_wconf 59' lang='lat' dir='ltr'>venietplenztudo.</span> 
     </span>
     <span class='ocr_line' id='line_1_82' title="bbox 1132 1681 1357 1729; baseline -0.018 -9"><span class='ocrx_word' id='word_1_444' title='bbox 1132 1681 1251 1720; x_wconf 90' lang='lat' dir='ltr'>Serm.</span> <span class='ocrx_word' id='word_1_445' title='bbox 1270 1691 1357 1729; x_wconf 87' lang='lat'>140,</span> 
     </span>
    </p>
   </div>
   <div class='ocr_carea' id='block_1_17' title="bbox 1290 1763 1611 1834">
    <p class='ocr_par' dir='ltr' id='par_1_17' title="bbox 1290 1763 1611 1834">
     <span class='ocr_line' id='line_1_83' title="bbox 1290 1763 1611 1834; baseline -0.019 -16"><span class='ocrx_word' id='word_1_446' title='bbox 1290 1769 1329 1833; x_wconf 86' lang='lat'>§.</span> <span class='ocrx_word' id='word_1_447' title='bbox 1351 1775 1393 1834; x_wconf 83' lang='lat'>3.</span> <span class='ocrx_word' id='word_1_448' title='bbox 1429 1763 1611 1827; x_wconf 65' lang='lat' dir='ltr'>Ratio.</span> 
     </span>
    </p>
   </div>
   <div class='ocr_carea' id='block_1_18' title="bbox 1046 1847 1843 1985">
    <p class='ocr_par' dir='ltr' id='par_1_18' title="bbox 1046 1847 1843 1985">
     <span class='ocr_line' id='line_1_84' title="bbox 1046 1847 1843 1915; baseline -0.013 -11"><span class='ocrx_word' id='word_1_449' title='bbox 1046 1870 1071 1904; x_wconf 81' lang='lat' dir='ltr'>E</span> <span class='ocrx_word' id='word_1_450' title='bbox 1094 1863 1146 1909; x_wconf 93' lang='grc' dir='ltr'><strong>Μ</strong></span> <span class='ocrx_word' id='word_1_451' title='bbox 1156 1872 1183 1905; x_wconf 77' lang='grc' dir='ltr'><strong>Α</strong></span> <span class='ocrx_word' id='word_1_452' title='bbox 1194 1859 1255 1904; x_wconf 77' lang='lat' dir='ltr'>RI</span> <span class='ocrx_word' id='word_1_453' title='bbox 1268 1871 1296 1902; x_wconf 81' lang='grc' dir='ltr'><strong>Α</strong></span> <span class='ocrx_word' id='word_1_454' title='bbox 1333 1847 1588 1915; x_wconf 65' lang='grc' dir='ltr'>(ῖοηῦερῑὲ</span> <span class='ocrx_word' id='word_1_455' title='bbox 1615 1847 1843 1913; x_wconf 84' lang='lat' dir='ltr'>probatVr</span> 
     </span>
     <span class='ocr_line' id='line_1_85' title="bbox 1242 1927 1652 1985; baseline -0.022 -9"><span class='ocrx_word' id='word_1_456' title='bbox 1242 1932 1295 1975; x_wconf 88' lang='lat' dir='ltr'>D</span> <span class='ocrx_word' id='word_1_457' title='bbox 1310 1938 1333 1969; x_wconf 82' lang='lat' dir='ltr'><strong>E</strong></span> <span class='ocrx_word' id='word_1_458' title='bbox 1344 1931 1388 1974; x_wconf 94' lang='lat' dir='ltr'>V</span> <span class='ocrx_word' id='word_1_459' title='bbox 1402 1941 1420 1973; x_wconf 88' lang='lat' dir='ltr'>s</span> <span class='ocrx_word' id='word_1_460' title='bbox 1455 1927 1652 1985; x_wconf 73' lang='lat' dir='ltr'>Sapiens.</span> 
     </span>
    </p>
   </div>
   <div class='ocr_carea' id='block_1_19' title="bbox 1051 2007 1863 3220">
    <p class='ocr_par' dir='ltr' id='par_1_19' title="bbox 1051 2007 1863 3216">
     <span class='ocr_line' id='line_1_86' title="bbox 1145 2007 1846 2064; baseline -0.014 -8"><span class='ocrx_word' id='word_1_461' title='bbox 1145 2017 1277 2056; x_wconf 89' lang='lat' dir='ltr'>Eterni</span> <span class='ocrx_word' id='word_1_462' title='bbox 1290 2015 1406 2054; x_wconf 91' lang='lat' dir='ltr'>Patris</span> <span class='ocrx_word' id='word_1_463' title='bbox 1419 2010 1531 2053; x_wconf 83' lang='lat' dir='ltr'>Filius</span> <span class='ocrx_word' id='word_1_464' title='bbox 1543 2008 1596 2050; x_wconf 86' lang='lat' dir='ltr'>est</span> <span class='ocrx_word' id='word_1_465' title='bbox 1607 2007 1684 2064; x_wconf 89' lang='lat' dir='ltr'>ipsa</span> <span class='ocrx_word' id='word_1_466' title='bbox 1701 2009 1846 2051; x_wconf 78' lang='lat' dir='ltr'>Virtus,</span> 
     </span>
     <span class='ocr_line' id='line_1_87' title="bbox 1051 2021 1842 2128; baseline -0.019 -9"><span class='ocrx_word' id='word_1_467' title='bbox 1051 2021 1144 2118; x_wconf 79' lang='lat' dir='ltr'><strong>A</strong></span> <span class='ocrx_word' id='word_1_468' title='bbox 1177 2074 1422 2128; x_wconf 82' lang='lat' dir='ltr'>&amp;Sapientia</span> <span class='ocrx_word' id='word_1_469' title='bbox 1440 2072 1557 2111; x_wconf 84' lang='lat' dir='ltr'>Patris</span> <span class='ocrx_word' id='word_1_470' title='bbox 1573 2097 1584 2114; x_wconf 90' lang='lat'>,</span> <span class='ocrx_word' id='word_1_471' title='bbox 1613 2068 1719 2121; x_wconf 83' lang='lat' dir='ltr'>juxta</span> <span class='ocrx_word' id='word_1_472' title='bbox 1748 2067 1842 2127; x_wconf 77' lang='lat' dir='ltr'>Pau-</span> 
     </span>
     <span class='ocr_line' id='line_1_88' title="bbox 1053 2123 1847 2183; baseline -0.014 -10"><span class='ocrx_word' id='word_1_473' title='bbox 1053 2132 1134 2173; x_wconf 90' lang='lat' dir='ltr'>lum</span> <span class='ocrx_word' id='word_1_474' title='bbox 1155 2149 1182 2172; x_wconf 91' lang='lat'>1.</span> <span class='ocrx_word' id='word_1_475' title='bbox 1197 2131 1331 2172; x_wconf 83' lang='lat' dir='ltr'>Corinth.</span> <span class='ocrx_word' id='word_1_476' title='bbox 1356 2146 1441 2169; x_wconf 75' lang='lat' dir='ltr'><em>c.11.</em></span> <span class='ocrx_word' id='word_1_477' title='bbox 1501 2130 1603 2183; x_wconf 85' lang='lat' dir='ltr'>Ergo</span> <span class='ocrx_word' id='word_1_478' title='bbox 1628 2129 1670 2165; x_wconf 85' lang='lat' dir='ltr'>in</span> <span class='ocrx_word' id='word_1_479' title='bbox 1683 2123 1751 2164; x_wconf 92' lang='lat' dir='ltr'>illo</span> <span class='ocrx_word' id='word_1_480' title='bbox 1761 2125 1847 2163; x_wconf 73' lang='lat' dir='ltr'>lunt</span> 
     </span>
     <span class='ocr_line' id='line_1_89' title="bbox 1053 2182 1847 2238; baseline -0.015 -6"><span class='ocrx_word' id='word_1_481' title='bbox 1053 2190 1310 2231; x_wconf 90' lang='lat' dir='ltr'>concedenda</span> <span class='ocrx_word' id='word_1_482' title='bbox 1333 2191 1468 2228; x_wconf 88' lang='lat' dir='ltr'>omnia</span> <span class='ocrx_word' id='word_1_483' title='bbox 1480 2201 1542 2231; x_wconf 84' lang='lat' dir='ltr'>ea,</span> <span class='ocrx_word' id='word_1_484' title='bbox 1575 2182 1769 2238; x_wconf 84' lang='lat' dir='ltr'>exquibus</span> <span class='ocrx_word' id='word_1_485' title='bbox 1791 2195 1847 2221; x_wconf 91' lang='lat' dir='ltr'>ta-</span> 
     </span>
     <span class='ocr_line' id='line_1_90' title="bbox 1054 2239 1847 2303; baseline -0.014 -13"><span class='ocrx_word' id='word_1_486' title='bbox 1054 2249 1099 2290; x_wconf 89' lang='lat' dir='ltr'>lis</span> <span class='ocrx_word' id='word_1_487' title='bbox 1120 2252 1248 2292; x_wconf 85' lang='lat' dir='ltr'>Virtus</span> <span class='ocrx_word' id='word_1_488' title='bbox 1268 2254 1309 2289; x_wconf 67' lang='lat'>&amp;⁷</span> <span class='ocrx_word' id='word_1_489' title='bbox 1327 2248 1519 2303; x_wconf 82' lang='lat' dir='ltr'>Sapientia</span> <span class='ocrx_word' id='word_1_490' title='bbox 1537 2242 1692 2300; x_wconf 90' lang='lat' dir='ltr'>probari</span> <span class='ocrx_word' id='word_1_491' title='bbox 1711 2239 1847 2297; x_wconf 59' lang='lat' dir='ltr'>potest⁶</span> 
     </span>
     <span class='ocr_line' id='line_1_91' title="bbox 1052 2301 1850 2363; baseline -0.015 -13"><span class='ocrx_word' id='word_1_492' title='bbox 1052 2310 1173 2363; x_wconf 90' lang='lat' dir='ltr'>Atqui</span> <span class='ocrx_word' id='word_1_493' title='bbox 1203 2307 1224 2347; x_wconf 85' lang='grc' dir='ltr'>ὲ</span> <span class='ocrx_word' id='word_1_494' title='bbox 1249 2309 1296 2347; x_wconf 94' lang='grc' dir='ltr'><strong>Μ</strong></span> <span class='ocrx_word' id='word_1_495' title='bbox 1310 2321 1336 2346; x_wconf 80' lang='lat' dir='ltr'>A</span> <span class='ocrx_word' id='word_1_496' title='bbox 1348 2319 1374 2345; x_wconf 79' lang='lat' dir='ltr'>R</span> <span class='ocrx_word' id='word_1_497' title='bbox 1386 2320 1399 2345; x_wconf 92' lang='lat'>1</span> <span class='ocrx_word' id='word_1_498' title='bbox 1411 2319 1446 2344; x_wconf 49' lang='grc' dir='ltr'>ιε</span> <span class='ocrx_word' id='word_1_499' title='bbox 1462 2303 1554 2360; x_wconf 70' lang='lat' dir='ltr'>pura</span> <span class='ocrx_word' id='word_1_500' title='bbox 1575 2301 1850 2356; x_wconf 87' lang='lat' dir='ltr'>Conceptione</span> 
     </span>
     <span class='ocr_line' id='line_1_92' title="bbox 1055 2361 1848 2423; baseline -0.015 -15"><span class='ocrx_word' id='word_1_501' title='bbox 1055 2365 1268 2423; x_wconf 83' lang='lat' dir='ltr'>specialiter</span> <span class='ocrx_word' id='word_1_502' title='bbox 1283 2363 1465 2420; x_wconf 88' lang='lat' dir='ltr'>probatur</span> <span class='ocrx_word' id='word_1_503' title='bbox 1488 2364 1530 2402; x_wconf 95' lang='lat' dir='ltr'>D</span> <span class='ocrx_word' id='word_1_504' title='bbox 1542 2362 1572 2401; x_wconf 91' lang='lat' dir='ltr'><strong>E</strong></span> <span class='ocrx_word' id='word_1_505' title='bbox 1584 2365 1619 2401; x_wconf 91' lang='lat' dir='ltr'>U</span> <span class='ocrx_word' id='word_1_506' title='bbox 1632 2363 1654 2401; x_wconf 84' lang='lat' dir='ltr'>S</span> <span class='ocrx_word' id='word_1_507' title='bbox 1682 2361 1848 2414; x_wconf 65' lang='lat' dir='ltr'>Sapiens⁴</span> 
     </span>
     <span class='ocr_line' id='line_1_93' title="bbox 1058 2419 1851 2481; baseline -0.015 -15"><span class='ocrx_word' id='word_1_508' title='bbox 1058 2429 1160 2481; x_wconf 86' lang='lat' dir='ltr'>Ergo</span> <span class='ocrx_word' id='word_1_509' title='bbox 1190 2422 1446 2464; x_wconf 87' lang='lat' dir='ltr'>concedenda</span> <span class='ocrx_word' id='word_1_510' title='bbox 1465 2419 1520 2460; x_wconf 91' lang='lat' dir='ltr'>est</span> <span class='ocrx_word' id='word_1_511' title='bbox 1548 2434 1639 2475; x_wconf 90' lang='lat' dir='ltr'>pura</span> <span class='ocrx_word' id='word_1_512' title='bbox 1659 2420 1851 2458; x_wconf 47' lang='lat' dir='ltr'>Mami-2-</span> 
     </span>
     <span class='ocr_line' id='line_1_94' title="bbox 1055 2477 1853 2538; baseline -0.015 -14"><span class='ocrx_word' id='word_1_513' title='bbox 1055 2486 1289 2538; x_wconf 88' lang='lat' dir='ltr'>Conceptio.</span> <span class='ocrx_word' id='word_1_514' title='bbox 1318 2483 1417 2521; x_wconf 86' lang='lat' dir='ltr'>Min.</span> <span class='ocrx_word' id='word_1_515' title='bbox 1430 2477 1521 2519; x_wconf 74' lang='lat' dir='ltr'>iubs.</span> <span class='ocrx_word' id='word_1_516' title='bbox 1537 2477 1648 2519; x_wconf 88' lang='lat' dir='ltr'>Prob.</span> <span class='ocrx_word' id='word_1_517' title='bbox 1680 2477 1853 2530; x_wconf 82' lang='lat' dir='ltr'>Sapiens,</span> 
     </span>
     <span class='ocr_line' id='line_1_95' title="bbox 1057 2532 1854 2598; baseline -0.018 -14"><span class='ocrx_word' id='word_1_518' title='bbox 1057 2550 1098 2586; x_wconf 83' lang='lat'>&amp;.</span> <span class='ocrx_word' id='word_1_519' title='bbox 1119 2544 1258 2598; x_wconf 84' lang='lat' dir='ltr'>peritus</span> <span class='ocrx_word' id='word_1_520' title='bbox 1285 2538 1420 2580; x_wconf 84' lang='lat' dir='ltr'>artifex</span> <span class='ocrx_word' id='word_1_521' title='bbox 1442 2553 1526 2578; x_wconf 89' lang='lat' dir='ltr'>non</span> <span class='ocrx_word' id='word_1_522' title='bbox 1546 2535 1645 2577; x_wconf 74' lang='lat' dir='ltr'>adeo</span> <span class='ocrx_word' id='word_1_523' title='bbox 1672 2532 1854 2589; x_wconf 88' lang='lat' dir='ltr'>probatur</span> 
     </span>
     <span class='ocr_line' id='line_1_96' title="bbox 1059 2589 1856 2652; baseline -0.016 -11"><span class='ocrx_word' id='word_1_524' title='bbox 1059 2600 1163 2646; x_wconf 89' lang='lat' dir='ltr'>talis,</span> <span class='ocrx_word' id='word_1_525' title='bbox 1197 2599 1222 2639; x_wconf 88' lang='lat' dir='ltr'>fi</span> <span class='ocrx_word' id='word_1_526' title='bbox 1235 2615 1282 2639; x_wconf 84' lang='lat' dir='ltr'>ex</span> <span class='ocrx_word' id='word_1_527' title='bbox 1301 2595 1461 2638; x_wconf 65' lang='lat' dir='ltr'>materia</span> <span class='ocrx_word' id='word_1_528' title='bbox 1486 2593 1648 2652; x_wconf 55' lang='lat' dir='ltr'>perfecta</span> <span class='ocrx_word' id='word_1_529' title='bbox 1669 2589 1856 2647; x_wconf 82' lang='lat' dir='ltr'>producat</span> 
     </span>
     <span class='ocr_line' id='line_1_97' title="bbox 1060 2650 1855 2716; baseline -0.019 -15"><span class='ocrx_word' id='word_1_530' title='bbox 1060 2674 1157 2716; x_wconf 90' lang='lat' dir='ltr'>opus</span> <span class='ocrx_word' id='word_1_531' title='bbox 1177 2657 1408 2715; x_wconf 52' lang='lat' dir='ltr'>perfer-zum,</span> <span class='ocrx_word' id='word_1_532' title='bbox 1441 2654 1559 2709; x_wconf 71' lang='lat' dir='ltr'>quam</span> <span class='ocrx_word' id='word_1_533' title='bbox 1582 2650 1766 2708; x_wconf 89' lang='lat' dir='ltr'>probetur</span> <span class='ocrx_word' id='word_1_534' title='bbox 1796 2661 1855 2688; x_wconf 84' lang='lat' dir='ltr'>ta-</span> 
     </span>
     <span class='ocr_line' id='line_1_98' title="bbox 1062 2705 1857 2768; baseline -0.019 -9"><span class='ocrx_word' id='word_1_535' title='bbox 1062 2718 1128 2765; x_wconf 84' lang='lat' dir='ltr'>lis,</span> <span class='ocrx_word' id='word_1_536' title='bbox 1154 2717 1182 2758; x_wconf 83' lang='lat' dir='ltr'>si</span> <span class='ocrx_word' id='word_1_537' title='bbox 1198 2732 1245 2757; x_wconf 88' lang='lat' dir='ltr'>ex</span> <span class='ocrx_word' id='word_1_538' title='bbox 1260 2714 1419 2756; x_wconf 62' lang='lat' dir='ltr'>materia</span> <span class='ocrx_word' id='word_1_539' title='bbox 1439 2708 1683 2768; x_wconf 61' lang='lat' dir='ltr'>imperfestzi,</span> <span class='ocrx_word' id='word_1_540' title='bbox 1716 2713 1757 2748; x_wconf 69' lang='lat' dir='ltr'>Sc</span> <span class='ocrx_word' id='word_1_541' title='bbox 1791 2705 1857 2745; x_wconf 73' lang='lat' dir='ltr'>de-</span> 
     </span>
     <span class='ocr_line' id='line_1_99' title="bbox 1064 2763 1859 2833; baseline -0.02 -15"><span class='ocrx_word' id='word_1_542' title='bbox 1064 2774 1184 2818; x_wconf 75' lang='lat' dir='ltr'>formi</span> <span class='ocrx_word' id='word_1_543' title='bbox 1214 2774 1404 2833; x_wconf 80' lang='lat' dir='ltr'>producat</span> <span class='ocrx_word' id='word_1_544' title='bbox 1426 2786 1521 2827; x_wconf 85' lang='lat' dir='ltr'>opus</span> <span class='ocrx_word' id='word_1_545' title='bbox 1546 2765 1703 2822; x_wconf 85' lang='lat' dir='ltr'>aliquod</span> <span class='ocrx_word' id='word_1_546' title='bbox 1735 2763 1859 2820; x_wconf 89' lang='lat' dir='ltr'>perfe-</span> 
     </span>
     <span class='ocr_line' id='line_1_100' title="bbox 1065 2822 1861 2881; baseline -0.02 -4"><span class='ocrx_word' id='word_1_547' title='bbox 1065 2838 1192 2876; x_wconf 65' lang='lat' dir='ltr'>Gtum:</span> <span class='ocrx_word' id='word_1_548' title='bbox 1224 2834 1274 2874; x_wconf 87' lang='lat' dir='ltr'>sic</span> <span class='ocrx_word' id='word_1_549' title='bbox 1305 2848 1389 2874; x_wconf 88' lang='lat' dir='ltr'>non</span> <span class='ocrx_word' id='word_1_550' title='bbox 1416 2829 1631 2870; x_wconf 87' lang='lat' dir='ltr'>laudaretur</span> <span class='ocrx_word' id='word_1_551' title='bbox 1651 2822 1861 2881; x_wconf 86' lang='lat' dir='ltr'>specialiter</span> 
     </span>
     <span class='ocr_line' id='line_1_101' title="bbox 1065 2881 1862 2947; baseline -0.018 -13"><span class='ocrx_word' id='word_1_552' title='bbox 1065 2893 1152 2940; x_wconf 90' lang='lat' dir='ltr'>ille,</span> <span class='ocrx_word' id='word_1_553' title='bbox 1182 2895 1250 2947; x_wconf 91' lang='lat' dir='ltr'>qui</span> <span class='ocrx_word' id='word_1_554' title='bbox 1270 2907 1317 2932; x_wconf 83' lang='lat' dir='ltr'>ex</span> <span class='ocrx_word' id='word_1_555' title='bbox 1328 2889 1417 2932; x_wconf 60' lang='lat' dir='ltr'>lana</span> <span class='ocrx_word' id='word_1_556' title='bbox 1435 2884 1676 2927; x_wconf 73' lang='lat' dir='ltr'>mundissima</span> <span class='ocrx_word' id='word_1_557' title='bbox 1691 2881 1862 2923; x_wconf 68' lang='lat' dir='ltr'>confice-</span> 
     </span>
     <span class='ocr_line' id='line_1_102' title="bbox 1065 2940 1862 3008; baseline -0.019 -14"><span class='ocrx_word' id='word_1_558' title='bbox 1065 2966 1125 2993; x_wconf 88' lang='lat' dir='ltr'>ret</span> <span class='ocrx_word' id='word_1_559' title='bbox 1153 2965 1327 3008; x_wconf 85' lang='lat' dir='ltr'>pannum</span> <span class='ocrx_word' id='word_1_560' title='bbox 1353 2944 1559 3004; x_wconf 87' lang='lat' dir='ltr'>pretiosum</span> <span class='ocrx_word' id='word_1_561' title='bbox 1591 2961 1599 2982; x_wconf 79' lang='lat'>2</span> <span class='ocrx_word' id='word_1_562' title='bbox 1644 2940 1862 2982; x_wconf 85' lang='lat' dir='ltr'>laudaretur</span> 
     </span>
     <span class='ocr_line' id='line_1_103' title="bbox 1067 2998 1862 3052; baseline -0.018 0"><span class='ocrx_word' id='word_1_563' title='bbox 1067 3009 1160 3052; x_wconf 72' lang='lat' dir='ltr'>vero</span> <span class='ocrx_word' id='word_1_564' title='bbox 1196 3007 1258 3050; x_wconf 93' lang='lat' dir='ltr'>vel</span> <span class='ocrx_word' id='word_1_565' title='bbox 1287 3003 1456 3047; x_wconf 72' lang='lat' dir='ltr'>maxime</span> <span class='ocrx_word' id='word_1_566' title='bbox 1480 3017 1593 3049; x_wconf 87' lang='lat' dir='ltr'>tune,</span> <span class='ocrx_word' id='word_1_567' title='bbox 1624 3001 1649 3041; x_wconf 85' lang='lat' dir='ltr'>fi</span> <span class='ocrx_word' id='word_1_568' title='bbox 1683 2998 1731 3040; x_wconf 90' lang='lat' dir='ltr'>de</span> <span class='ocrx_word' id='word_1_569' title='bbox 1750 2998 1862 3043; x_wconf 65' lang='lat' dir='ltr'>lana,</span> 
     </span>
     <span class='ocr_line' id='line_1_104' title="bbox 1065 3058 1863 3123; baseline -0.016 -14"><span class='ocrx_word' id='word_1_570' title='bbox 1065 3066 1241 3123; x_wconf 80' lang='lat' dir='ltr'>quamvis</span> <span class='ocrx_word' id='word_1_571' title='bbox 1263 3061 1466 3105; x_wconf 63' lang='lat' dir='ltr'>immunda</span> <span class='ocrx_word' id='word_1_572' title='bbox 1487 3091 1498 3108; x_wconf 96' lang='lat'>,</span> <span class='ocrx_word' id='word_1_573' title='bbox 1530 3058 1722 3104; x_wconf 48' lang='lat' dir='ltr'>&amp;infecta</span> <span class='ocrx_word' id='word_1_574' title='bbox 1732 3072 1863 3098; x_wconf 86' lang='lat' dir='ltr'>macu-</span> 
     </span>
     <span class='ocr_line' id='line_1_105' title="bbox 1066 3119 1863 3216; baseline -0.015 -49"><span class='ocrx_word' id='word_1_575' title='bbox 1066 3126 1109 3167; x_wconf 87' lang='lat' dir='ltr'>lis</span> <span class='ocrx_word' id='word_1_576' title='bbox 1123 3155 1133 3172; x_wconf 90' lang='lat'>,</span> <span class='ocrx_word' id='word_1_577' title='bbox 1163 3139 1296 3167; x_wconf 85' lang='lat' dir='ltr'>tamen</span> <span class='ocrx_word' id='word_1_578' title='bbox 1316 3122 1517 3165; x_wconf 84' lang='lat' dir='ltr'>fabricaret</span> <span class='ocrx_word' id='word_1_579' title='bbox 1546 3134 1722 3179; x_wconf 82' lang='lat' dir='ltr'>pannum</span> <span class='ocrx_word' id='word_1_580' title='bbox 1742 3119 1863 3216; x_wconf 71' lang='lat' dir='ltr'>1preti-</span> 
     </span>
    </p>

    <p class='ocr_par' dir='ltr' id='par_1_20' title="bbox 1712 3191 1834 3220">
     <span class='ocr_line' id='line_1_106' title="bbox 1712 3191 1834 3220; baseline -0.016 -3"><span class='ocrx_word' id='word_1_581' title='bbox 1712 3191 1738 3217; x_wconf 94' lang='lat' dir='ltr'>o</span> <span class='ocrx_word' id='word_1_582' title='bbox 1756 3191 1834 3220; x_wconf 86' lang='lat' dir='ltr'>um,</span> 
     </span>
    </p>
   </div>
   <div class='ocr_carea' id='block_1_20' title="bbox 1812 1276 1977 1359">
    <p class='ocr_par' dir='ltr' id='par_1_21' title="bbox 1812 1276 1977 1359">
     <span class='ocr_line' id='line_1_107' title="bbox 1812 1276 1977 1359; baseline 0.024 -21"><span class='ocrx_word' id='word_1_583' title='bbox 1812 1348 1817 1359; x_wconf 24' lang='lat' dir='ltr'><em>A</em></span> <span class='ocrx_word' id='word_1_584' title='bbox 1853 1276 1977 1342; x_wconf 81' lang='lat'><strong>548·</strong></span> 
     </span>
    </p>
   </div>
   <div class='ocr_carea' id='block_1_21' title="bbox 1868 1901 1998 1962">
    <p class='ocr_par' dir='ltr' id='par_1_22' title="bbox 1868 1901 1998 1962">
     <span class='ocr_line' id='line_1_108' title="bbox 1868 1901 1998 1962; baseline 0.015 -2"><span class='ocrx_word' id='word_1_585' title='bbox 1868 1901 1998 1962; x_wconf 82' lang='lat'><strong>549·</strong></span> 
     </span>
    </p>
   </div>
  </div>
 </body>
</html>
