2159 3508
42 269 131 299 Hom.
150 275 177 298 6.

41 320 141 340 contra

42 353 152 381 Nestor.

41 394 121 422 Orat.
131 395 164 422 de

41 434 179 473 Affumpt.

33 1471 171 1509 Apoc.21.

35 1520 61 1542 v.
74 1521 120 1547 ²3·

24 2328 93 2358 Psal.
111 2339 121 2359 1
130 2341 157 2365 7.

25 2380 53 2399 v·
65 2381 107 2404 29.

24 2491 93 2521 Psal.
111 2499 157 2522 16.

22 2542 49 2562 v·
60 2543 87 2569 3.

21 2757 92 2789 rsal.
103 2764 149 2789 62-

22 2810 49 2830 v.
60 2810 88 2830 1.

19 2858 88 2888 Psal.
99 2863 146 2893 76.

21 2909 87 2942 v.4.

719 80 1056 168 Conceptus,
1138 84 1338 147 LXlV.

1043 181 1188 238 semper
1200 180 1270 222 fuit
1280 185 1427 220 Lucerna
1436 179 1602 237 splendens
1611 181 1708 238 ficper
1718 180 1832 223 cande-
1855 200 1934 231 Eccli,
1947 206 1994 231 η.

1045 239 1173 280 labrum
1185 241 1331 280 Sanilum
1343 268 1354 285 ‚
1384 253 1428 279 ac
1442 240 1586 280 medias
1606 242 1706 281 inter
1717 244 1833 298 origi-
1856 251 1882 271 v.
1895 253 1940 272 ²²·

207 181 501 239 comprehenderunt
519 211 529 230 ,
562 197 646 237 quae
667 182 769 223 hanc
794 183 912 240 ipsam
940 181 993 222 ob

208 239 391 282 causama
422 245 455 283 S.
471 241 621 298 Cyrillo
644 244 792 281 Lucerna
825 239 996 281 inextineli

209 298 357 343 luminis,
396 306 437 343 ὃς
472 299 494 340 ὲ
513 302 644 341 Leone
670 301 901 356 Imperatore
925 301 998 337 Lu-

210 374 303 396 cerna
320 358 468 415 perpetub
493 358 618 402 lucens,
647 367 687 400 <9¹
705 373 868 414 nunquam
889 357 996 397 extin-

209 416 260 454 fla
278 445 289 462 ,
316 429 373 472 per
399 432 495 474 quam
517 417 538 455 ὰ
570 415 732 455 tenebrosa·
748 415 870 472 peccati
899 427 997 454 morte

207 473 334 513 liberati
348 474 462 530 firmus
477 503 488 520 ,
517 481 556 516 ύ-
574 473 745 513 liberamur
758 480 821 516 &a
853 472 998 528 deprae-

207 532 364 573 dicatur.
423 532 622 573 Adducere
644 529 709 571 hic
741 528 887 586 possiem
911 529 998 570 lon-

207 605 316 646 gam,
348 605 416 647 per
432 592 565 630 omnia
579 588 708 629 saecula
720 616 731 634 ,
750 590 905 629 Patrum
917 617 928 633 ,
956 593 997 629 &

208 652 428 690 Doctorum
448 646 599 692 seriem,
630 649 695 701 qui
720 660 762 686 ut
789 646 920 685 lucerna
940 661 997 685 ar-

207 706 316 746 dentes
326 706 501 747 luxerunt
517 708 557 744 in
578 705 700 745 domo
711 706 878 745 Domini
891 730 902 748 ‚
930 703 998 744 nifi

207 764 525 821 supervacaneum
545 762 688 819 prorsus
701 762 912 806 videretur,
941 761 998 802 lu-

207 837 340 864 cernas
366 820 533 878 proferre
559 821 790 866 inmeridie,
821 824 911 862 cum
938 823 996 860 in-

208 884 319 922 terim
359 881 399 920 hi
432 895 569 921 omnes
604 879 681 920 una
711 894 808 920 voce
847 878 996 936 procla-

207 951 341 982 ment,
371 953 454 979 non
479 940 689 978 extinstam
721 940 762 977 in
774 939 860 978 noue
884 939 995 978 Con-

205 999 395 1053 ceptionis
407 998 593 1038 Mariana·
615 996 814 1037 lucernam
829 998 996 1052 origina-

202 1054 246 1096 lis
257 1058 502 1096 innocentiae.
578 1058 631 1095 uis
642 1069 736 1111 ergo
746 1052 895 1095 dubitet
907 1084 917 1100 ‚
943 1055 992 1095 de

202 1115 350 1159 Matura
368 1119 408 1157 δε
425 1128 507 1154 non
519 1113 568 1153 de
586 1113 663 1154 alio
688 1112 861 1167 quodam
882 1112 996 1153 intel-

202 1171 404 1229 llgendum
415 1171 485 1212 esst
497 1170 591 1213 illud
606 1189 613 1210 ι
645 1173 727 1211 Non
743 1173 946 1227 extinguetur
963 1172 997 1211 in

204 1231 292 1270 noue
307 1230 436 1270 lucerna
446 1230 547 1285 ejus?
572 1228 793 1285 praefiertim,
825 1232 915 1270 cum
933 1227 997 1270 ille

205 1291 246 1328 in
264 1291 444 1329 MAMAM
467 1291 596 1329 venire
609 1317 620 1334 ‚
652 1293 691 1329 &
712 1302 759 1328 ex
779 1287 824 1327 ea
843 1287 996 1344 prodire

206 1347 391 1392 statuerit,
415 1349 480 1401 qui
496 1359 621 1386 totum
632 1343 800 1391 serenat,
828 1346 995 1392 irradiat,

204 1404 463 1460 &infulgurat
477 1403 692 1444 Paradisum
707 1431 718 1448 ‚
748 1403 797 1443 de
819 1418 899 1458 quo
911 1403 997 1443 scri-

207 1463 306 1503 bitur
330 1477 338 1500 :
369 1461 500 1501 Claritas
522 1463 558 1500 D
572 1463 609 1499 E
621 1464 649 1500 I
672 1459 868 1501 illuminavit
892 1476 963 1500 eam
986 1490 998 1507 ,

203 1521 381 1564 &lucerna
395 1521 463 1574 ejus
476 1519 516 1570 est
525 1520 652 1576 Agnus.
665 1520 722 1560 Ex
737 1518 815 1559 hoc
825 1522 932 1559 enim
944 1518 998 1560 fa-

202 1578 275 1620 cile
287 1577 399 1619 nobis
411 1576 619 1634 persuasum
632 1576 773 1618 habere
793 1576 996 1633 possumus,

201 1637 369 1679 eandem
384 1636 502 1693 ipsam
520 1634 717 1676 lucernam
728 1665 739 1682 ,
769 1635 865 1676 illud
875 1634 997 1692 ipsum

200 1694 478 1737 candelabrum
492 1693 698 1751 gloriosum
712 1721 723 1740 ,
746 1708 884 1750 corpus
898 1708 997 1749 quo-

199 1769 288 1809 que,
310 1759 349 1796 &
360 1756 533 1794 animam
550 1751 682 1793 futurae
691 1754 902 1795 Genitricis
912 1767 997 1809 per-

200 1811 395 1854 festiflime
422 1809 660 1852 illuminasse.
718 1810 876 1852 Meliori
905 1826 995 1867 pro-

201 1871 292 1911 inde
307 1872 408 1925 jure‚
437 1869 556 1925 quam
566 1867 673 1926 supra
685 1873 907 1911 nominatus
928 1874 995 1922 Jo-

201 1929 288 1976 bus,
321 1928 473 1986 gloriari
500 1927 548 1969 de
575 1927 609 1969 se
634 1930 781 1969 Mam
809 1942 961 1985 poterat
983 1944 992 1967 :

28 1985 148 2012 “²³¹''
158 1987 184 2012 ⁷·
200 1990 283 2028 Non
291 1989 377 2044 perij
393 1999 522 2046 propter
533 1987 733 2027 imminentes
748 1987 887 2027 tenebras
898 2016 909 2034 ,
938 2001 994 2028 nec

189 2047 315 2101 faciem
323 2062 423 2087 meam
439 2046 559 2101 operuit
573 2045 682 2102 caligo.
728 2047 881 2102 Qare?
906 2061 994 2086 cau-

199 2105 278 2144 sam
293 2103 369 2160 ipsa
395 2103 487 2144 alibi
512 2103 700 2148 insinuat,
732 2103 995 2160 Numinisc'lue

198 2162 383 2218 singulare
402 2162 633 2215 adjutorium
650 2175 761 2218 grato
778 2165 912 2203 animo
927 2178 993 2220 ag-

199 2221 381 2266 noscens,
411 2222 634 2261 Dominum
659 2220 906 2274 adjuvantem
924 2221 993 2262 de-

197 2280 382 2336 praedicat
406 2307 416 2324 ,
449 2278 580 2319 dicens
624 2293 715 2319 cum
754 2278 945 2320 psalmista
980 2297 989 2322 :

196 2339 359 2396 Qoniam
380 2351 416 2377 tu
437 2336 597 2376 illuminas
619 2336 780 2376 lucernam
796 2352 900 2378 meam
921 2340 992 2378 Do·

197 2397 279 2435 mine
298 2411 305 2434 z
337 2397 468 2435 DEus
478 2411 566 2435 mem
575 2394 719 2435 illumina
728 2394 875 2444 ‘tenebrat
886 2411 991 2443 meam

196 2455 344 2511 quoniam
366 2455 399 2493 in
422 2468 452 2492 te
472 2454 589 2510 erzpiar
624 2453 644 2492 ἁ
664 2454 843 2494 tentatione.
875 2456 991 2496 item:

199 2512 349 2566 Probasti
367 2527 419 2551 cor
439 2527 563 2557 meum,
595 2519 633 2554 (9¹
658 2511 791 2566 'vifita'sti
819 2513 921 2559 nosse,
951 2521 992 2556 ὠ·

197 2587 258 2611 non
273 2571 313 2626 ‹st
330 2571 463 2611 inuenta
484 2572 518 2609 in
532 2586 581 2609 me
592 2570 750 2626 iniquitas.
781 2574 842 2612 Sic
862 2573 987 2612 enim-

196 2628 289 2670 vero
311 2656 322 2673 ‚
354 2627 444 2669 licet
466 2627 527 2683 alij
549 2628 709 2683 quidam
733 2657 744 2675 ,
775 2644 866 2670 cum
888 2634 988 2673 Vate

194 2688 344 2743 Regio,
376 2687 503 2727 dicere
519 2686 676 2742 possint:
707 2688 993 2733 DErzs‚DEus

194 2760 302 2788 mem,
331 2743 383 2791 ad*
397 2759 429 2784 te
460 2744 498 2785 de
521 2746 587 2785 luce
611 2745 739 2801 vigilo:
769 2746 898 2787 dicere
930 2759 988 2790 ta-

194 2817 288 2842 men
299 2805 447 2843 MAMA
466 2817 557 2844 cum
575 2803 717 2844 eodem
749 2804 986 2862 Psalmogra-

193 2861 276 2917 pho
296 2859 373 2900 sola
384 2874 560 2916 poterat:
592 2862 869 2919 Amicipaverunt
897 2865 987 2921 wigi-

194 2920 250 2959 liu
270 2918 351 2958 oculi
366 2919 426 2958 mei
448 2947 459 2964 ,
498 2918 632 2974 utpote
676 2935 761 2975 quae
798 2921 985 2977 tanquam

193 2978 286 3017 clara
298 2980 465 3022 Lucerna,
481 2975 503 3016 a
515 2978 630 3018 DEO
644 2978 723 3031 jam
738 2978 900 3021 abinitio
911 2979 983 3024 suae

195 3037 476 3093 Conceptionis
490 3034 723 3092 singulariter
742 3036 958 3082 illuminata
968 3064 983 3086 ι

1699 102 1793 155 217

1047 301 1164 339 nariae
1182 297 1276 338 labis
1314 297 1490 338 tenebras
1501 313 1583 338 non
1603 301 1756 340 tantum
1775 303 1835 340 in-

1047 358 1213 396 extincta
1224 382 1235 401 ‚
1267 358 1399 397 verum
1412 359 1529 396 etiam
1543 355 1747 398 clarissimis
1763 361 1837 399 Di-

1047 418 1144 467 vinae
1156 417 1283 470 gratia:
1296 414 1406 468 radijs
1415 415 1551 470 jugiter
1569 415 1812 471 resplendens
1826 447 1838 464 ,

1048 487 1208 513 omnem
1225 476 1372 528 peccati
1387 474 1504 512 nouem
1527 475 1638 519 vicit,
1669 473 1840 530 labist‘que

1048 531 1198 576 nescia,
1228 533 1408 571 cuncffam
1450 533 1600 586 prorsus
1631 531 1840 590 caliginem

1046 587 1232 644 perpetuo
1259 603 1307 629 ex
1337 589 1468 628 anima
1491 588 1741 645 proscriptam
1769 592 1838 633 ha-

1046 647 1141 691 buit.
1200 649 1240 688 O
1255 649 1427 686 animam
1448 645 1697 689 felicissimam
1708 649 1839 698 fimul,

1046 720 1091 746 ac
1112 705 1421 746 lucentiffimam!
1453 720 1538 760 quae
1549 705 1654 747 velut
1670 708 1765 764 jugis
1783 709 1841 751 lu-

1046 779 1183 810 cerna,
1216 762 1360 819 semper
1370 764 1577 819 permansit
1599 765 1841 813 accensa,co-

1047 837 1130 863 ram
1148 824 1300 864 Divino
1315 821 1437 862 Altari
1451 851 1461 867 ,
1491 829 1531 865 ὅ(
1546 837 1747 879 nunquam
1770 825 1843 868 fiiit

1045 883 1213 922 extincta
1232 909 1243 926 ,
1270 879 1333 920 sed
1348 880 1508 922 servavit
1532 880 1665 922 lumen
1684 885 1843 926 Divina:

1045 944 1187 995 gratiae,
1208 937 1458 994 praebendum
1479 940 1708 994 viatoribusj,
1738 943 1843 984 unde

1049 998 1191 1053 poffint
1205 996 1334 1038 videre
1346 1000 1448 1038 viam
1459 994 1591 1038 salutis.
1651 1001 1758 1040 Dico
1774 1004 1845 1058 igi.

1047 1069 1130 1101 tur,
1168 1070 1238 1112 pro
1291 1054 1538 1096 conclusione
1581 1058 1808 1114 Conceptus
1831 1087 1844 1107 ,

1047 1114 1175 1159 idem,
1204 1113 1311 1168 quod
1343 1128 1531 1169 magnum
1552 1113 1650 1156 olim
1670 1115 1845 1159 Ecclefiae

1047 1171 1177 1212 lumen
1190 1198 1201 1214 ‚
1219 1175 1250 1213 S.
1261 1171 1488 1228 Augustinus
1499 1201 1509 1218 ‚
1522 1169 1756 1215 auditoribus
1779 1191 1843 1232 pa-

1046 1229 1156 1271 terne
1183 1229 1203 1270 ὲ
1223 1229 1373 1286 pulpito
1398 1229 1610 1279 inculcavit
1641 1247 1648 1270 :

1036 1288 1068 1344 st
1083 1304 1145 1328 non
1153 1301 1245 1345 potes
1266 1288 1387 1334 Solem,
1405 1288 1525 1343 saltem
1547 1289 1730 1331 attendead
1740 1293 1843 1333 lucer-

1047 1362 1124 1386 nam
1136 1376 1146 1392 ,
1176 1346 1206 1400 fi
1215 1362 1276 1385 non
1287 1358 1377 1402 potes
1388 1348 1425 1385 D
1435 1349 1472 1385 E
1482 1355 1515 1386 cl
1524 1349 1574 1386 M
1586 1375 1597 1392 ,
1614 1348 1733 1403 saltem
1745 1350 1846 1391 homi-

1047 1420 1118 1443 nem
1128 1405 1254 1443 imitare
1265 1404 1278 1441 Ι
1295 1406 1459 1444 Dixerat
1469 1404 1547 1445 hoc
1559 1406 1786 1462 Augustinus
1796 1409 1846 1450 de

1048 1463 1381 1516 S.Protomartyre
1403 1461 1601 1517 Stephano
1620 1481 1628 1503 ς
1659 1464 1751 1506 dico
1769 1482 1844 1524 ego

1048 1519 1211 1576 idipstun
1232 1519 1280 1559 de
1302 1519 1490 1575 purissima
1504 1522 1689 1562 Numinis
1720 1526 1843 1566 Geni-

1047 1581 1153 1618 trice.
1185 1579 1303 1618 Hanc
1321 1577 1517 1618 lucernam
1536 1580 1715 1627 attende,
1737 1582 1843 1625 hanc

1046 1638 1141 1678 DEI
1155 1637 1326 1677 hominis
1344 1638 1682 1680 Matremimitare!
1699 1646 1740 1682 &
1751 1644 1843 1684 cum

1047 1710 1132 1736 non
1173 1694 1282 1751 poffis
1302 1694 1351 1735 ab
1379 1693 1562 1752 originali
1580 1725 1592 1742 ‚
1622 1696 1757 1740 saltem
1790 1700 1842 1742 ab

1045 1752 1263 1798 actualibus,
1294 1766 1375 1794 tam
1390 1753 1614 1795 mortalibus
1625 1784 1635 1801 ‚
1647 1755 1766 1811 quam
1776 1775 1842 1801 ve-

1045 1810 1209 1853 nialibus
1249 1813 1417 1868 peccatis
1497 1827 1540 1853 ro
1564 1814 1704 1856 viribus
1725 1816 1840 1859 absti-

1043 1885 1112 1911 ne:
1143 1883 1185 1912 ut
1211 1869 1407 1911 mediante
1447 1827 1548 1913 cl'ara
1574 1871 1647 1913 hac
1666 1872 1841 1924 lucerna,

1043 1932 1204 1986 Virgine
1240 1929 1411 1986 Deipara
1433 1958 1444 1976 ,
1483 1944 1550 1987 per
1594 1932 1839 1977 tenebrosam

1043 1987 1217 2029 mortalis
1227 1990 1315 2031 vitae
1332 1987 1540 2045 caliginem
1554 2017 1565 2036 ‚
1594 1990 1643 2031 ad
1653 2005 1838 2036 aeternam

1043 2047 1258 2089 claritatem
1275 2051 1481 2104 pervenias.

1216 2169 1252 2220 §.
1274 2175 1323 2216 2.
1368 2162 1665 2217 Aushoritas.

1078 2274 1116 2320 S.
1145 2275 1347 2321 IrenaeVs
1368 2308 1383 2330 ,
1420 2278 1630 2338 DeIparae
1678 2277 1802 2340 ere

1181 2345 1449 2407 ConCeptae
1500 2351 1695 2394 aMator.

1044 2442 1071 2470 1.
1100 2429 1339 2484 Conftntaneum
1350 2446 1419 2472 erat
1429 2459 1441 2479 ,
1468 2448 1504 2473 ut
1505 2433 1591 2490 ficut
1593 2446 1655 2491 per
1654 2433 1833 2490 foeminam‚

1099 2487 1267 2528 Adamum
1294 2490 1495 2545 sbducentem
1512 2519 1524 2536 ‚
1552 2492 1690 2533 mundas
1716 2493 1833 2547 fuerat

1090 2545 1257 2602 perditus,
1284 2559 1345 2605 per
1365 2550 1531 2605 faeminam
1558 2554 1586 2591 C
1590 2553 1639 2590 H
1645 2553 1719 2605 RI
1727 2555 1753 2590 S
1761 2550 1833 2589 To

1094 2604 1316 2660 infir-rientem
1327 2611 1565 2663 restauraretur.
1591 2608 1673 2651 Lib.
1689 2623 1720 2660 3.
1736 2622 1832 2649 con-

1091 2674 1149 2703 tra
1169 2663 1320 2707 Valent.

1038 2736 1068 2761 2.
1104 2721 1283 2763 Prudentia
1293 2723 1451 2781 firpentr's
1484 2723 1518 2765 in
1540 2723 1749 2781 fimplicitate
1778 2738 1831 2764 co-

1094 2779 1206 2821 lumba
1238 2781 1378 2825 devina.

1094 2838 1222 2880 haeres.

1431 2785 1476 2824 L.
1490 2797 1518 2836 5.
1551 2798 1582 2823 c.
1604 2797 1650 2835 15.
1689 2795 1830 2828 contra.

1033 2909 1066 2949 3.
1097 2897 1217 2963 Adbuc
1228 2899 1413 2956 protoplasti
1429 2910 1617 2955 peccatum,
1642 2907 1702 2954 per
1727 2911 1828 2939 corre-

1088 2956 1217 2996 Hronem
1231 2959 1465 3014 primogenita,
1496 2955 1744 2998 emendationem
1772 2970 1827 2998 at-

1087 3015 1225 3072 cipiens,
1255 3024 1320 3058 &a
1348 3016 1388 3056 L.
1408 3029 1440 3068 5.
1461 3029 1542 3072 cap.
1557 3030 1610 3068 19·

1097 3190 1189 3253 Ec
1686 3205 1725 3254 5.
1736 3211 1778 3268 3.

1681 1238 1707 1273 0
1728 1233 1841 1274 homo!
1864 1227 1993 1259 δτι-ωλι

1863 1270 1990 1310 &steph

1860 2318 1986 2380 443·
