2159 3508
828 73 1146 156 Conceptus
1200 71 1386 137 XClll.

255 176 360 207 mam
376 164 659 208 dehonestantis
675 177 686 206 ὲ
717 165 961 224 Respondent:
973 182 1034 207 au-

258 238 336 265 tem
349 225 461 268 &illa
471 226 566 265 mihi
579 225 745 265 videtur:
770 242 869 265 nemo.
898 228 945 266 Et
955 240 1034 265 me-

256 283 331 324 rito
347 300 358 328 3
386 284 447 325 vel
469 291 575 324 enim
595 285 636 336 ijs
653 312 663 329 ‚
691 282 824 338 quibus
838 286 919 324 MA
935 297 961 324 R
973 298 985 322 1
1000 297 1034 322 ΛΕ

253 345 543 398 exemptionem
567 371 577 386 ,
608 341 630 381 a
653 344 750 398 turpi
768 341 841 381 hac
862 340 1036 385 macula,

256 402 499 456 impugnare,
531 415 574 439 ac
586 398 716 439 saltem
736 402 776 438 in
786 399 945 440 dubium
963 412 1038 439 tra-

258 458 359 503 here,
376 465 416 500 &
438 457 568 502 verbo,
581 456 790 502 &calamo,
804 456 940 513 volupe
953 456 1034 500 fuit,

259 516 446 556 silentium
458 514 479 555 a
488 515 638 555 summis
653 514 898 555 Pontificibus
911 517 1037 569 impo-

261 574 389 614 situm:
421 572 506 618 vel,
535 575 599 626 qui
627 576 914 628 praerogativam
935 572 1036 611 hanc

262 630 400 672 devote
411 632 488 684 jam
504 629 652 686 pridem
677 629 885 675 [εὼς-111111,
918 630 964 669 de
975 630 1036 669 die

261 692 301 729 in
320 689 424 729 diem
457 688 659 731 ferventius
691 687 796 728 illam
833 690 928 729 tueri
956 702 1038 727 non

261 747 456 792 definunt3
486 747 578 786 hinc
600 758 707 786 tanta
720 760 852 787 extant
881 746 1040 786 Pontii-i·-

261 820 350 845 cum
368 834 380 850 ,
409 819 453 844 ac
468 803 755 850 Conciliorum,
786 804 941 858 inhujus
952 806 1040 859 My-

263 862 358 916 sterij
381 863 550 903 favorem
573 860 760 918 suffragia,
792 876 851 903 tot
864 864 1039 908 Pati-um,

261 935 305 961 ac
326 923 545 963 Doctorum
578 919 795 961 testimonia
811 949 822 966 ,
853 920 1040 962 Univerfi-

261 992 382 1019 tatum
394 1007 405 1024 ,
434 993 478 1019 ac
496 977 720 1019 facultatum
732 978 947 1021 sententiat,
969 982 1038 1018 1111

259 1035 364 1076 nime
384 1038 563 1077 MARIAM
591 1035 872 1082 accusantium,
915 1036 1040 1077 multo

260 1096 386 1135 minus
409 1094 776 1137 condemnantium,
808 1095 869 1135 sed
881 1110 952 1151 pro
968 1101 1038 1135 im-

260 1151 450 1193 maculata
462 1153 539 1206 ejus
550 1153 840 1208 Conceptione‚
873 1168 962 1193 cum
981 1153 1036 1194 so-

261 1209 367 1251 lenni
381 1225 422 1251 ut
432 1210 637 1266 plurimum
652 1212 880 1264 juramento,
911 1209 1031 1251 fortis-

259 1268 283 1308 s
274 1283 348 1309 me
360 1269 646 1309 decertantium.
705 1272 830 1323 Atque
846 1269 870 1308 si
882 1269 1037 1310 Scholas

258 1326 416 1384 singulas
456 1327 691 1382 compendio
720 1342 933 1382 percurrere
981 1327 1037 1368 lu-

260 1384 366 1425 beat:
394 1400 475 1426 non
502 1383 667 1430 accusat,
699 1400 770 1425 nec
802 1385 1038 1426 condemnat

258 1457 343 1483 eam
355 1443 572 1499 Theologia
587 1442 832 1498 speculativa,
864 1443 943 1483 imo
971 1443 1037 1483 de-

257 1500 443 1541 monstrat
458 1530 468 1545 ,
504 1499 697 1541 cilentiam
713 1503 915 1545 Divinam,
942 1502 1037 1554 ejus-

257 1573 330 1612 que
351 1557 548 1601 attributa,
585 1573 666 1599 non
685 1558 834 1599 infinite
853 1558 932 1598 fore
955 1574 1036 1614 per-

255 1615 370 1662 festa,
399 1617 464 1657 nifi
484 1620 674 1672 Sapientia
693 1616 836 1663 ῃόίῖὲῑ,
863 1621 1035 1672 potentia

256 1673 444 1720 valuisset,
487 1674 636 1715 bonitas
647 1674 840 1721 voluiffet,
870 1674 1033 1716 futuram

253 1733 372 1774 Verbi
400 1733 626 1773 incarnandi
656 1735 882 1790 genitricem
906 1732 928 1773 a
951 1733 1034 1790 lege

251 1794 452 1832 communi
482 1794 659 1831 eximere.
728 1793 823 1832 Non
844 1790 989 1832 accusat
1021 1820 1032 1838 ,

249 1864 322 1889 nec
339 1850 577 1890 condemnat
597 1864 683 1890 eam
703 1849 921 1905 Theologia
948 1865 1033 1890 mo-

248 1907 352 1952 ralis,
385 1907 466 1948 imo
487 1906 645 1948 absolvit
665 1922 751 1948 earn
766 1907 813 1948 ab
837 1911 946 1948 omni
964 1923 1032 1948 vo-

249 1965 413 2007 luntario
433 1980 604 2021 peccato,
631 1969 745 2006 etiam
758 1965 954 2007 voluntate
964 1965 1031 2006 ali-

249 2040 321 2064 ena
342 2027 560 2070 contracto,
586 2027 674 2064 cum
689 2039 769 2064 non
790 2025 943 2069 deceat,
974 2024 1029 2064 su-

251 2085 406 2138 perioris
428 2082 668 2123 voluntatem
691 2081 819 2135 subijci
839 2081 1027 2124 voluntati

250 2140 435 2180 interioris
466 2170 476 2186 ,
527 2140 645 2194 qualis
693 2141 816 2180 Adam
866 2140 1028 2196 respectu

249 2201 440 2240 Miruffi
464 2197 592 2239 fuerat.
636 2199 731 2238 Non
759 2198 926 2244 acculat,
955 2215 1027 2240 nec

247 2257 486 2297 condemnat
495 2272 580 2297 eam
593 2256 810 2313 Theologia
821 2257 1028 2303 Polemica,

249 2315 331 2356 imo
353 2315 447 2356 dicit
477 2344 488 2360 ,
532 2317 761 2370 opinionem
796 2319 1027 2356 contrariam

249 2372 330 2414 fore
359 2373 420 2414 vel
449 2376 564 2413 errori
599 2376 839 2428 proximam,
870 2373 929 2414 vel
950 2377 1028 2429 pia-

246 2446 330 2472 rum
353 2430 483 2472 saltem
510 2434 656 2470 aurium
677 2430 915 2476 ostensivam‚
945 2431 1030 2487 post

248 2504 308 2530 tot
329 2491 512 2529 nimirum
525 2487 695 2529 Ecclefiae
715 2488 1025 2536 constitutiones,

247 2563 291 2588 ac
304 2548 523 2588 Tridentini
542 2545 690 2602 insuper
710 2546 878 2600 Concilij
901 2547 1026 2588 decla-

248 2610 421 2646 rationes.
455 2606 550 2645 Non
562 2605 730 2650 accusat,
753 2620 826 2646 nec
837 2606 1025 2646 condem·

245 2679 312 2704 nat
340 2679 426 2705 eam
453 2663 752 2718 Jurisprudentia
767 2693 778 2709 ‚
821 2663 903 2704 imo
922 2664 946 2705 fi
966 2679 1023 2704 ra-

248 2725 370 2762 tiones
379 2722 472 2773 *huic
487 2724 608 2776 Operi
629 2721 778 2762 insertas
799 2720 915 2762 libeat
935 2737 1022 2762 exa-

245 2784 390 2820 minare
411 2809 422 2826 ‚
461 2779 624 2835 pluribus
644 2808 654 2826 ‚
700 2794 769 2835 pro
794 2779 858 2820 illa
892 2779 1022 2820 defen-

245 2837 393 2882 denda,
433 2837 619 2878 Textibus
652 2837 797 2893 provisa
850 2841 1021 2880 invenie-

243 2908 322 2941 tur,
353 2897 442 2935 cum
451 2907 567 2950 partus
577 2894 781 2951 praeiertim
811 2908 955 2935 ventrem
966 2896 1021 2951 se-

241 2967 380 3010 quatur,
411 2952 585 3007 adeoque
610 2953 709 2993 bene
736 2953 907 2993 dicamus
929 2969 1021 2995 om-

242 3027 320 3054 nes,
331 3025 420 3051 cum
429 3010 586 3051 muliere
597 3009 662 3051 illa
673 3010 925 3066 Evangelica:
956 3015 1020 3052 ‘Be-

73 3066 140 3097 Luc.
149 3077 173 3098 ⁶·
186 3077 223 3102 ¹¹-
240 3085 312 3109 atus
328 3082 452 3111 venter,
482 3069 535 3124 qui
547 3081 578 3106 te
583 3080 743 3124 portentat,
771 3045 810 3111 Z·
829 3068 934 3114 ubera,
951 3086 1017 3126 quae

72 3117 162 3142 v..²7

230 3128 353 3184 fiixisti
399 3128 496 3168 Non
516 3125 672 3173 accusat,
696 3141 768 3167 nec
779 3127 1017 3170 condemnat

1083 182 1170 208 eam
1203 168 1402 208 Medicina
1420 195 1430 213 ,
1461 165 1595 208 Ethica
1613 191 1625 210 ‚
1655 165 1865 207 Mathefisz

1084 226 1165 266 imo
1187 227 1397 266 remedium
1427 229 1547 280 prima
1575 222 1686 265 offert
1710 223 1869 289 praeser-

1084 287 1274 326 vativum,
1298 299 1387 323 cum
1404 283 1507 323 dieto
1534 300 1541 322 1
1576 283 1715 340 Princip
1679 295 1744 340 pqr
1764 281 1867 334 obsta,

1084 350 1147 384 (σε.
1181 342 1353 382 Secunda
1368 343 1559 397 Reginam
1572 344 1774 396 anteponit
1789 339 1870 380 iub

1087 399 1197 444 ditis,
1228 398 1490 453 majoremque
1518 398 1673 453 Angelis
1690 402 1869 439 MARrAM

1086 457 1308 497 constituit.
1352 459 1485 497 Tertia
1516 458 1664 496 Lunam
1705 456 1870 496 defectu-

1086 514 1189 556 oiam
1209 515 1367 571 pedibus
1378 516 1454 567 ejus
1471 514 1636 566 subijcit,
1669 516 1871 569 punchim-

1086 588 1160 627 que
1176 575 1423 629 reputationis
1440 574 1611 617 Divinae,
1644 575 1683 611 in
1706 575 1782 626 ejus
1791 574 1871 613 Ge-

1086 634 1220 671 nitrice
1268 630 1494 670 inviolatum
1539 633 1701 684 requirit.
1762 630 1871 684 Qid

1086 687 1202 744 porro
1215 688 1262 728 de
1274 687 1517 743 Philosophia
1528 687 1736 728 dicendum
1749 700 1759 727 ?
1776 703 1870 728 num

1087 746 1185 786 forte
1202 746 1267 786 illa
1280 749 1458 786 Mamm
1472 746 1771 786 condemnabit?
1799 749 1870 785 mi-

1087 803 1191 845 nime
1203 808 1385 860 gentium.
1447 804 1637 844 Abstrahit
1658 803 1759 844 certe
1782 807 1870 845 Me-

1087 863 1278 919 taphyiica
1291 862 1338 903 ab
1350 866 1459 902 omni
1481 862 1586 907 labe,
1616 861 1734 918 probe
1757 862 1871 903 intel—

1089 920 1227 977 ligens,
1258 936 1304 960 ex
1320 924 1490 966 Mami,
1519 936 1562 960 ac
1578 935 1763 976 peccato,
1790 921 1870 961 fieri

1089 978 1197 1019 nullo
1219 993 1424 1019 momento
1464 977 1565 1042 posse
1607 993 1832 1019 concretum
1858 1008 1870 1025 ,

1090 1037 1356 1092 maculamque
1389 1040 1427 1076 in
1455 1052 1498 1076 ea
1518 1037 1741 1076 chimaeram
1765 1051 1873 1092 repu-

1090 1109 1194 1140 tans,
1226 1111 1270 1136 ac
1298 1110 1364 1135 ens
1390 1098 1544 1135 rationis
1556 1093 1871 1159 Μ813Ρ11γ11611111.

1088 1155 1228 1194 Pariter
1252 1153 1428 1209 Physica
1420 1156 1589 1194 invenire
1605 1156 1738 1217 nequit
1752 1167 1872 1194 mate-

1087 1215 1182 1251 riam
1228 1210 1469 1264 subjectivam
1506 1213 1652 1266 peccati
1674 1237 1684 1252 ,
1716 1210 1868 1251 dicens:

1086 1273 1240 1310 Marma
1262 1272 1551 1326 generationem
1563 1268 1645 1325 plus
1654 1267 1756 1308 fuisse
1774 1284 1870 1325 opus

1087 1331 1235 1383 gratiae,
1250 1327 1367 1381 quam
1382 1341 1543 1367 naturae:
1573 1342 1646 1366 nec
1662 1326 1869 1380 admittens

1087 1385 1168 1426 ullo
1185 1400 1388 1426 momento
1419 1399 1583 1425 vacuum
1608 1388 1648 1424 in
1664 1384 1748 1430 illa,
1783 1400 1868 1439 quae

1078 1444 1178 1499 plena
1209 1443 1323 1499 gratini*
1350 1443 1371 1483 a
1393 1442 1572 1483 Gabriele
1610 1442 1664 1482 est
1701 1442 1866 1484 salutata.

1085 1500 1297 1541 Dialeffica
1307 1530 1318 1546 ,
1348 1500 1531 1553 Ambrofij
1549 1501 1652 1541 dicto
1665 1500 1866 1548 inhaerens,

1086 1559 1150 1598 ubi
1169 1560 1402 1614 MARIA‘M
1429 1563 1482 1599 ait
1511 1558 1615 1598 idem
1635 1558 1864 1614 fignificare,

1084 1631 1149 1657 ac:
1180 1618 1311 1657 DEus
1317 1633 1473 1672 exgenere
1491 1632 1577 1662 meo,
1599 1617 1746 1671 probat,
1764 1633 1865 1674 gemes
1881 1614 2032 1698 'i'eiigstsst‘x

1084 1675 1160 1716 hoc
1192 1673 1263 1715 esle
1290 1674 1466 1715 debere
1455 1691 1476 1714 a
1491 1689 1651 1730 peccato
1670 1675 1832 1716 liberum
1851 1703 1863 1722 ,

1081 1733 1149 1773 nifi
1163 1739 1203 1774 &
1218 1732 1439 1778 individuum,
1469 1748 1610 1789 nempe
1622 1732 1781 1780 Filium,
1801 1750 1865 1776 ve-

1082 1790 1193 1831 limus
1212 1791 1379 1844 ejusdem
1411 1794 1557 1846 peccati
1589 1806 1695 1831 reum
1725 1792 1861 1834 dicere.

1081 1849 1309 1894 Rhetorica,
1337 1854 1376 1890 &
1402 1849 1523 1889 Poesis
1545 1864 1627 1888 non
1654 1849 1826 1891 accusant
1850 1881 1861 1897 ,

1079 1921 1152 1947 nec
1188 1908 1454 1947 condemnant
1489 1909 1740 1953 ΜΑΜΑΜ,
1779 1910 1863 1950 imo

1079 1964 1244 2005 millenis
1267 1981 1355 2005 eam
1389 1965 1559 2005 laudibus
1586 1994 1595 2010 ,
1623 1964 1745 2006 soluto
1767 1993 1779 2009 ,
1818 1967 1864 2007 li·

1079 2022 1243 2079 gatoque
1268 2023 1366 2080 stylo
1408 2022 1543 2063 floride
1581 2023 1862 2079 depraedicant,

1078 2080 1442 2136 immaculatamque
1498 2096 1688 2137 perorant.
1754 2086 1861 2124 Tan-

1077 2140 1166 2180 dem
1202 2146 1267 2190 (ut
1311 2140 1359 2180 de
1382 2143 1551 2179 minimis
1590 2154 1743 2194 quoque
1776 2155 1860 2182 non

1076 2201 1237 2239 minima
1258 2197 1390 2252 loquar
1413 2204 1423 2245 )
1450 2213 1522 2237 nec
1546 2201 1718 2253 Syntaxis
1735 2224 1746 2241 ‚
1785 2215 1860 2240 nec

1077 2258 1340 2297 Grammatica
1371 2259 1536 2300 invenit,
1567 2271 1634 2311 per
1658 2271 1773 2310 quam
1804 2273 1860 2298 re-

1077 2314 1205 2370 gulam
1224 2317 1269 2354 M
1283 2330 1306 2354 A
1320 2328 1345 2354 R
1359 2331 1370 2353 1
1386 2331 1409 2353 A
1426 2312 1687 2354 Accusativum
1707 2318 1785 2371 pati
1795 2316 1861 2356 de-

1077 2373 1183 2413 beret
1204 2371 1323 2428 culpae
1339 2401 1350 2417 ‚
1383 2387 1466 2426 quae
1479 2374 1705 2413 Genitivum
1727 2378 1858 2414 aeterni

1078 2430 1197 2472 Verbi
1229 2434 1468 2486 promeruit,
1500 2433 1706 2471 convenire
1731 2435 1858 2487 potius

1077 2488 1268 2528 existimat
1284 2502 1398 2528 tantae
1415 2491 1541 2543 gratiae
1553 2491 1716 2535 Dativo,
1745 2489 1860 2531 Abla-

1076 2550 1197 2586 tivum
1214 2546 1334 2602 culpae
1358 2545 1552 2602 originalis
1574 2576 1584 2592 ‚
1614 2561 1729 2600 quam
1763 2562 1858 2588 con-

1071 2605 1226 2661 jungere
1247 2619 1336 2644 cum
1360 2606 1573 2646 MARIA
1596 2633 1606 2649 ,
1633 2620 1680 2644 ex
1714 2620 1762 2645 eo
1790 2605 1858 2646 fibi

1072 2663 1245 2703 videatur
1259 2662 1411 2702 difficile
1439 2691 1449 2708 ,
1477 2661 1583 2716 quod
1602 2667 1768 2716 requirat
1790 2662 1856 2705 illa

1070 2722 1317 2776 Participium
1329 2719 1529 2776 plusquam
1548 2719 1721 2775 perfecti:
1748 2734 1856 2778 mag-

1070 2794 1164 2819 num
1197 2780 1364 2833 denique
1396 2777 1478 2818 fore
1506 2777 1783 2824 solaecismum,
1812 2784 1854 2820 in

1068 2838 1152 2893 ipsis
1179 2841 1296 2878 etiam
1316 2836 1560 2877 Rudimentis
1588 2838 1748 2890 pietatis,
1769 2835 1854 2878 scri-

1069 2895 1159 2935 bere
1195 2897 1374 2936 MARIAM
1394 2909 1483 2934 cum
1511 2907 1671 2948 peccato
1686 2896 1852 2950 origina—

1068 2952 1095 2992 li
1107 2966 1338 3008 conceptam
1360 2968 1367 2989 t
1384 2967 1456 2991 nec
1473 2953 1633 2991 Praemio
1643 2950 1746 2992 certe
1754 2967 1850 2994 con-

1069 3010 1331 3051 decorandum
1370 3008 1463 3055 effe,
1494 3009 1561 3049 nifi
1607 3008 1745 3055 illum,
1784 3014 1851 3066 qui

1067 3072 1350 3125 Argumentum
1361 3096 1372 3113 ‚
1402 3067 1451 3108 de
1468 3068 1738 3137 Conceptione
1753 3069 1850 3110 Dei-

1065 3141 1186 3182 parae,
1218 3125 1294 3166 sne
1323 3125 1409 3183 tali,
1445 3123 1619 3180 quamvis
1639 3131 1803 3166 minimo
1835 3157 1845 3172 ,

1120 3187 1170 3225 Ss
1199 3200 1216 3223 z
1777 3198 1820 3224 ac
