2200 3539
1012 104 1181 165 Index
1261 105 1357 165 Vl.

316 207 394 254 quia
429 210 568 255 magnus
600 203 647 242 ibi
677 204 853 253 expertus!
871 205 1001 253 Jupiter
1032 204 1165 246 dicitur.

323 258 502 306 Antiquitas
518 268 533 291 1
542 264 570 296 3.

278 307 335 350 36.
362 309 458 355 Cyrus
477 303 642 340 Persarum
652 303 727 338 Rex
734 301 853 349 gratias
868 303 936 350 agit
951 300 1168 350 praesumptu-

322 352 381 390 oso
390 352 507 392 militi,
533 352 621 399 quod
640 363 759 398 magna
771 353 916 397 petendo
932 374 944 392 ,
966 350 1168 388 occasionem

323 401 514 438 exercendae
534 400 742 435 liberalitatis
758 399 943 446 praebuerit.
986 403 1091 449 Antiq.
1106 406 1167 445 96.

275 458 333 497 37.
356 453 468 486 Dianae
479 447 628 497 Templum
638 450 671 483 iu
685 446 753 482 Afia
775 449 854 484 dum
869 448 1020 485 aedificari
1045 453 1165 497 coepit,

321 499 432 546 puella
444 496 582 545 speciosa
592 497 815 533 fundamentis
826 499 834 531 i
840 499 954 543 njetta.
986 501 1094 548 Antiq.
1108 511 1141 536 2.

274 557 292 591 3
300 545 495 587 &Eduardus
503 547 680 582 Britanniae
687 548 762 582 Rex
770 547 910 594 pretiosa
918 549 1093 595 inNuptiJs
1102 548 1164 584 suis

318 596 458 632 instituit
466 598 724 636 Torneamenta,
741 597 834 639 cujus
844 595 932 634 scuto
947 596 1140 644 inscriptum
1152 612 1163 634 ε

317 647 352 681 1η
363 646 532 681 meomnia.
579 644 765 693 Antiquitas
787 649 811 681 6
815 650 847 683 3.

270 703 329 740 39.
353 692 579 741 Epaminondas
598 691 848 730 Atheniensium
859 698 951 736 Dux,
972 696 1116 743 graviter
1126 696 1159 729 in

314 740 470 779 conflictu
493 741 652 778 sauciatus
664 765 676 784 ,
701 743 862 788 majorem
888 744 928 779 de
962 744 1053 780 scuto
1078 744 1135 779 suo
1148 766 1157 784 ,

314 789 584 839 quamdeieipso,
597 789 853 829 sollicitudinem
863 796 959 842 gerit.
983 795 1087 841 Antiq.
1102 807 1160 837 99.

266 848 324 885 40.
351 839 432 877 Filia
446 852 587 877 matrem
599 842 767 878 incarcere
782 842 950 879 detentam
958 854 1073 878 exerto
1082 842 1159 877 ube-

313 899 348 925 re
363 887 530 931 sustentat,
539 890 574 925 in
582 891 674 935 cujus
682 892 730 928 rei
741 894 938 928 memoriam
951 894 1014 927 Ara
1026 892 1158 938 pietatis

312 939 349 974 in
360 938 565 975 eodemloco
575 941 749 977 extruitur.
807 943 986 991 Antiquitas
1006 946 1040 978 8.

264 996 324 1034 41.
349 985 666 1026 Flandridhorrendo
675 989 805 1027 diluvio
815 991 1009 1030 inundante,
1028 991 1063 1024 in
1086 988 1156 1025 col-

310 1035 415 1073 liculo
422 1037 566 1075 tenellus
575 1040 733 1086 reperitur
745 1040 852 1076 infans
861 1064 871 1081 ,
886 1041 944 1086 qui
954 1038 1095 1075 dulciter
1106 1040 1155 1073 in-

310 1085 398 1122 terea
408 1087 590 1129 dormiens,
612 1086 676 1123 fine
688 1088 761 1125 ullo
780 1090 901 1125 timore
915 1112 926 1129 ,
951 1100 988 1123 ac
1004 1087 1155 1123 molestia

305 1135 501 1172 miraculose
511 1136 557 1173 est
565 1137 790 1186 praei‘etvatus.
839 1139 1020 1186 Antiquitas
1031 1142 1090 1181 84.

259 1192 317 1231 42.
341 1183 491 1234 §abriela
506 1198 551 1222 ex
563 1186 639 1223 aula
647 1188 782 1222 Henrici
793 1189 849 1223 1v.
861 1187 1048 1222 Galliarum
1056 1187 1156 1233 Regis

303 1232 494 1283 proscripta,
507 1234 588 1271 dum
602 1247 689 1271 nova
696 1237 799 1284 Regia
808 1235 940 1284 Sponsa,
955 1237 1062 1272 Maria
1074 1237 1155 1272 Flo·

305 1284 497 1326 sentinae&
510 1283 693 1322 deducitur.
742 1288 922 1335 Antiquitas
931 1297 990 1329 49.

255 1341 316 1381 43.
334 1334 541 1383 S.Gregorius
554 1337 694 1383 Magnus
701 1333 853 1381 prohibet
864 1335 1015 1369 Castorio
1024 1333 1154 1381 Episco-

301 1393 366 1429 po,
391 1380 575 1418 consecrate
584 1381 779 1424 Ecclesiam,
802 1383 842 1419 εὸ
857 1382 944 1430 quod
959 1384 994 1418 in
1006 1384 1154 1419 illoloco

300 1429 471 1478 putridum
491 1431 629 1468 cadaver
645 1434 823 1480 nuperrimi
853 1432 998 1469 defuncti
1025 1434 1154 1479 jaceret.

301 1480 482 1529 Antiquitas
492 1490 511 1516 2
520 1492 550 1517 1.
895 1506 905 1510 -

253 1535 313 1574 44.
340 1527 535 1579 ςηαὶεηίκς,
551 1527 709 1566 Marchio
725 1526 957 1572 Grifeldenfis,
980 1529 1056 1566 cum
1074 1542 1152 1567 con.

299 1578 415 1624 jugem
422 1575 513 1614 suam
528 1579 651 1614 nudam
672 1580 775 1615 domo
804 1579 1036 1638 proscriberet,
1072 1582 1152 1617 talia

301 1625 633 1674 verbahaecprotulit
653 1637 664 1664 τ
690 1628 784 1664 Nuda
800 1640 817 1664 e
833 1628 926 1664 domo
940 1632 1042 1677 patris
1057 1631 1151 1680 egres-

295 1675 344 1721 sa,
367 1675 453 1712 nuda
461 1675 497 1712 εὸ
513 1681 665 1716 revertar,
682 1676 987 1728 nifiquodindignum
1005 1688 1076 1714 rear
1087 1705 1097 1719 ‚
1114 1683 1151 1715 ut

299 1721 348 1761 hic
354 1729 473 1766 uterus,
491 1727 522 1761 in
531 1737 592 1776 quo
599 1724 656 1774 filij
667 1721 803 1775 fuerunt
815 1749 828 1768 ,
852 1737 930 1776 quos
948 1731 983 1762 tu
992 1727 1121 1777 genuisti
1135 1750 1148 1771 ,

297 1773 412 1822 populo
424 1772 525 1811 nudus
532 1779 693 1823 appareat.
743 1778 923 1826 Antiquitas
945 1785 991 1821 73

252 1832 315 1870 45.
341 1821 456 1859 Hefilor
472 1822 514 1860 ab
523 1823 656 1860 Achille
674 1824 862 1861 interfeaus
872 1849 882 1866 ,
899 1823 1042 1873 ferisQue
1051 1823 1145 1867 obje-

301 1874 384 1914 tius,
400 1871 555 1909 &Venere
573 1871 651 1909 oleo
669 1872 827 1911 delinitur
846 1873 948 1911 &tofis
965 1871 1114 1922 expresso
1132 1896 1142 1915 ,

295 1922 389 1967 cujus
396 1920 497 1958 odore
515 1921 592 1959 ferae
603 1922 638 1957 in
652 1921 766 1971 fugam
783 1926 1050 1972 actae,&corpus
1067 1935 1146 1960 con.

296 1970 457 2007 servatum
465 1970 524 2007 est.
574 1973 755 2021 Antiquitas
769 1976 831 2009 66.

247 2021 309 2065 46.
329 2018 472 2057 Hercules
489 2021 661 2069 ingentem
681 2025 831 2057 Leonem
843 2022 1016 2069 jugulans,
1042 2019 1147 2057 detra-

295 2072 383 2106 Ctam
398 2068 521 2117 pellem
531 2081 595 2118 pro
608 2069 847 2118 paludamento
866 2072 1030 2121 deportat.
1079 2075 1149 2107 An·

294 2122 422 2168 tiquitas
433 2126 496 2166 75.

244 2179 306 2217 47.
330 2166 515 2216 Hispalenses
536 2164 661 2205 Nobiles
688 2164 733 2203 ob
757 2166 842 2204 Affis
861 2166 1041 2205 condonati
1060 2179 1146 2216 prae-

293 2219 489 2264 rogativam,
499 2217 517 2253 a
529 2217 666 2264 plebeiis
675 2216 913 2256 discernuntur.
941 2221 1045 2267 Antiq.
1055 2231 1113 2265 ²5·

243 2271 302 2314 48.
327 2268 477 2315 Heranus
484 2264 629 2308 Grandis,
653 2266 787 2312 jubente
803 2269 891 2314 Rege
902 2290 913 2308 ,
939 2269 1145 2315 proditorem

296 2315 441 2363 hospitio
449 2317 618 2363 excipiens
634 2339 646 2357 ,
677 2328 719 2351 eo
733 2315 875 2354 abeunte
901 2318 1065 2354 Palatium
1089 2318 1144 2352 de.

291 2364 395 2401 struit.
444 2366 626 2412 Antiquitas
642 2371 695 2402 18.

240 2424 301 2461 49.
326 2415 476 2450 Horatius
484 2413 785 2462 Coclitesintegram
797 2411 1031 2450 Hetruscorum
1040 2416 1145 2452 aciem

287 2462 377 2499 solus
393 2464 430 2498 in
458 2464 563 2498 Ponte
575 2463 722 2499 Sublicio
733 2464 872 2500 detinet.
907 2466 1078 2512 Antiq.98.

241 2524 301 2559 50.
326 2509 501 2562 Hugolinus
510 2511 706 2561 §irardescus
718 2537 730 2555 ,
743 2512 789 2549 ob
812 2513 981 2548 fortunam
996 2513 1141 2551 nimium

287 2561 406 2604 elatus,
426 2560 542 2609 paullo
558 2560 628 2608 post
637 2564 787 2610 captivus
802 2563 835 2598 in
845 2564 982 2598 Turrim
1000 2565 1138 2608 coniici-

287 2622 355 2653 tur,
377 2612 470 2654 cujus
478 2611 607 2647 claviin
620 2610 887 2655 flumenabjetta,
907 2611 1021 2648 misere
1029 2614 1138 2661 ipiiest

286 2659 503 2709 pereundum.
551 2661 734 2710 Antiquitas
751 2668 806 2699 82.

236 2718 292 2753 Π.
313 2709 417 2755 lason,
442 2709 579 2745 devictis
607 2712 749 2752 Tauris,
773 2711 810 2747 δε
831 2708 940 2756 sopito
963 2711 1139 2753 Dracone,

288 2771 387 2795 aureo
395 2758 525 2796 Vellere
535 2759 672 2806 potitur.
721 2760 901 2808 Antiquitas
914 2770 970 2802 32.

241 2817 298 2855 52.
325 2808 429 2844 Indica
447 2806 588 2858 quaedam
597 2807 709 2850 Arbor,
733 2808 752 2845 a
776 2807 978 2854 serpentibus
993 2807 1082 2844 infici
1100 2809 1135 2845 in

285 2856 520 2899 radicesolita,
544 2857 686 2904 expulso
698 2870 756 2905 pet
780 2856 958 2893 theriacam
981 2869 1131 2902 venene,

284 2905 466 2941 foecundior
474 2905 630 2944 redditur.
679 2909 858 2956 Antiquitas
873 2912 893 2943 8
898 2918 931 2949 3.

239 2962 300 3002 53.
325 2952 526 3002 IulijCaesaris
536 2956 722 3003 Conceprio
740 2957 758 2992 a
771 2957 922 3003 Diogene
929 2965 974 2991 ex
993 2954 1131 2992 constel-

1217 215 1275 252 55.
1300 203 1383 241 Idem
1395 206 1567 243 vectorem
1576 205 1681 250 suum,
1701 210 1816 246 exorta
1828 205 1921 258 gravi
1940 202 2113 258 tempesta-

1266 265 1298 289 te
1308 254 1474 294 timidum,
1487 254 1538 289 his
1548 258 1653 292 verbis
1662 261 1796 305 corripit
1808 274 1817 296 :
1832 260 1885 295 Nil
1894 263 2002 295 metue!
2014 259 2111 304 Casa-

1265 313 1328 338 rem
1343 299 1440 342 vehis,
1461 302 1776 354 &fortunamipfius
1826 312 2002 357 Antiquitas
2013 314 2071 355 67.

1220 355 1280 397 56.
1312 350 1465 391 Leander,
1481 350 1522 386 ab
1536 355 1672 388 Arsturo
1688 357 1794 402 Rege,
1815 360 1866 392 cui
1895 358 2010 404 paullo
2032 369 2110 392 ante

1269 410 1432 435 venenum
1444 412 1644 447 porrexerat,
1653 405 1692 438 ad
1704 416 1816 440 necem
1827 405 1976 452 quaefitus
1983 430 1993 447 ‚
2022 407 2062 441 ad
2072 405 2108 440 fi-

1262 460 1343 483 num
1361 450 1555 496 Agrippinae
1565 452 1677 497 Regiae
1689 455 1802 488 matris
1818 457 2023 502 confugiens,
2037 455 2110 502 asy-

1262 496 1334 533 lum
1348 496 1487 538 invenit,
1499 510 1537 534 ac
1552 502 1697 535 veniam.
1746 505 1923 551 Antiquitas
1937 508 1995 549 76.

1216 556 1274 593 57.
1300 549 1413 583 Lucius
1423 547 1583 590 Manlius,
1602 561 1736 597 propter
1758 548 1865 586 filium
1884 554 1968 598 apud
1985 551 2108 596 judices

1260 594 1442 637 accusatus,
1462 596 1503 631 ab
1515 598 1634 635 eodem
1653 599 1725 635 filio
1735 600 1892 646 generose
1908 602 2105 638 defenditur.

1261 647 1438 693 Antiquitas
1465 657 1521 682 ιο.

1211 697 1268 739 58.
1295 696 1439 729 Marcius
1447 694 1639 738 Coriolanus,
1657 698 1802 734 Romam
1819 695 2019 740 vastaturus,
2043 707 2105 735 oc-

1253 753 1401 778 currente
1425 745 1558 791 propria
1577 758 1682 781 matre
1703 746 1850 795 placatur
1864 771 1874 787 ,
1897 747 2004 796 obq'ue
2030 749 2100 790 ejus

1254 793 1482 835 reverentiam,
1503 805 1572 829 tam
1591 794 1700 838 Urbi,
1726 796 1825 843 quam
1840 795 1968 832 civibus
1993 797 2108 844 parcit.

1260 841 1448 889 Antiquitas
1474 852 1534 888 41.

1210 897 1268 933 59.
1294 889 1445 926 Marulla
1459 892 1566 939 Virgo
1576 892 1741 940 integrum
1756 892 1942 930 Turcarum
1954 890 2106 929 exercitu

1254 937 1296 974 ab
1306 941 1390 974 Arce
1401 942 1547 976 coccina
1561 941 1688 978 fortiter
1702 943 1845 990 repellit.
1869 945 2027 991 Antiquit.
2041 944 2099 978 26.

1205 990 1266 1024 60.
1291 987 1528 1037 Mediolanenlis
1540 989 1668 1031 Nobilis,
1678 1003 1849 1029 corruente
1861 995 1970 1028 vicina
1980 993 2079 1027 Turri
2090 1013 2103 1031 ,

1252 1036 1433 1072 acdomum
1445 1061 1455 1079 ,
1481 1039 1603 1074 ubiille
1611 1051 1686 1075 cum
1695 1040 1767 1084 aliis
1776 1040 1923 1088 pluribus
1935 1050 2101 1076 convene-

1252 1097 1313 1126 rat,
1322 1085 1563 1133 conquass’ante‚
1573 1088 1663 1135 prius
1673 1091 1870 1127 miraculose
1877 1088 2100 1129 evocarunfic·

1251 1134 1315 1182 <jue
1325 1134 1506 1182 specialiter
1512 1135 1553 1172 ab
1560 1136 1619 1173 hac
1629 1139 1722 1175 tuin&
1731 1139 1957 1186 praeservatur.
2006 1140 2101 1175 Anti-

1274 1187 1355 1220 uitas
1367 1195 1426 1229 47.

1204 1195 1273 1268 61?
1290 1231 1436 1269 Metellus
1447 1245 1614 1280 parentem
1626 1232 1765 1271 suumin
1782 1233 1898 1283 ptaelio
1908 1247 2053 1284 captum,
2065 1246 2102 1270 ac

1250 1285 1322 1317 neci
1335 1283 1541 1324 tradendum,
1550 1283 1749 1320 calidiffimis
1762 1284 1923 1332 precibus,
1932 1289 1966 1324 ὃς
1975 1285 2104 1332 lachry-

1252 1334 1317 1367 mis
1330 1331 1458 1368 liberat.
1508 1336 1686 1382 Antiquitas
1701 1348 1724 1376 9
1728 1346 1761 1377 3.

1204 1383 1227 1415 6
1232 1392 1263 1416 ι.
1292 1380 1406 1417 Midas
1417 1381 1435 1416 ὲ
1444 1381 1574 1417 Baccho
1585 1394 1700 1429 petens
1710 1406 1722 1425 ,
1744 1395 1780 1418 ut
1790 1384 1903 1419 omnia
1922 1382 1977 1420 sua
1993 1383 2029 1419 in
2040 1394 2100 1419 au-

1250 1441 1324 1466 rum
1333 1440 1510 1472 vertantur,
1524 1441 1565 1466 eo
1577 1431 1728 1474 obtento,
1737 1444 1777 1466 ne
1786 1432 1873 1468 fame
1886 1445 2014 1480 pereat,
2040 1433 2100 1468 de-

1252 1477 1321 1515 nuo
1333 1480 1435 1526 petit,
1462 1491 1595 1516 auream
1621 1480 1705 1517 hanc
1724 1483 1863 1530 gratiam
1886 1481 1942 1518 fibi
1971 1481 2102 1519 auferri.

1249 1531 1429 1577 Antiquitas
1444 1541 1505 1573 91.

1201 1579 1260 1617 63.
1274 1581 1425 1614 Navarrae
1434 1577 1516 1627 Regii
1524 1576 1674 1627 Coniuges
1682 1576 1904 1615 Adamantem
1917 1576 2100 1627 pretiofiffi.

1247 1637 1341 1662 mum
1351 1628 1387 1661 in
1395 1628 1520 1662 annulo
1530 1627 1666 1674 gestant,
1676 1628 1728 1663 cui
1746 1629 1821 1670 Sol,
1834 1632 1930 1664 Luna
1941 1633 1975 1666 δι
1995 1629 2100 1665 stellae

1245 1672 1419 1722 insculptae
1428 1686 1519 1712 erant
1531 1698 1541 1717 ,
1565 1687 1642 1711 cum
1661 1674 1873 1726 inscriptione
1888 1688 1897 1711 :
1922 1677 2007 1725 {imul
2016 1702 2028 1721 ,
2055 1676 2099 1721 Ες

1238 1722 1366 1771 semper.
1414 1725 1599 1774 Antiquitas
1617 1727 1674 1762 81.

1196 1774 1254 1819 64.
1267 1770 1905 1821 Nicaeas,ConsulAthenienfis,1uvenem
1917 1772 2100 1813 formosum

1243 1821 1261 1857 ὸ
1271 1834 1397 1859 carcere
1407 1822 1560 1864 dimittit,
1582 1822 1623 1858 eo
1633 1821 1723 1871 quod
1733 1823 1910 1872 indignum
1918 1826 2076 1868 judicaret
2086 1849 2099 1869 ,

1245 1881 1316 1908 tam
1328 1872 1535 1919 praestantem
1550 1874 1692 1909 formam
1703 1872 1738 1907 in
1753 1884 1838 1911 tetro
1847 1886 1973 1912 carcere
1988 1877 2096 1925 capti·

1244 1932 1322 1957 vam
1333 1920 1483 1958 detineri.
1533 1924 1712 1971 Antiquitas
1728 1925 1752 1958 6
1753 1934 1787 1968 5.

1196 1972 1254 2016 65.
1279 1970 1659 2020 novatianumtzmpim
1679 1983 1798 2007 exorto
1809 1970 2096 2020 Constantinopo-

1242 2018 1269 2054 li
1278 2020 1444 2062 incendio,
1462 2023 1576 2056 omnia
1584 2020 1792 2062 devastante,
1815 2020 1856 2058 ab
1866 2023 1944 2069 igne
1952 2022 2096 2059 illaesum

1244 2065 1398 2105 servatur.
1449 2070 1634 2118 Antiquitas
1650 2074 1705 2112 36.

1195 2118 1220 2154 6
1223 2121 1244 2153 6
1246 2142 1254 2152 .
1271 2115 1412 2167 Nympha
1420 2129 1534 2154 cervos
1542 2117 1694 2159 insecuta,
1702 2117 1930 2166 ingruentibus
1938 2119 2095 2164 tenebris,

1242 2167 1390 2213 periculo
1400 2167 1584 2216 serpentum
1596 2190 1606 2209 ,
1629 2166 1792 2204 bufonum
1805 2171 1868 2206 &c.
1886 2168 2053 2216 exposita,
2073 2172 2094 2209 εἱ

1241 2215 1380 2259 Phoebo,
1388 2217 1593 2254 clariffimam
1604 2213 1752 2264 sagittam
1761 2216 1842 2253 illuc
1850 2217 2094 2262 ejaculante,li.

1242 2263 1382 2302 beratur.
1432 2269 1612 2316 Antiquitas
1631 2278 1691 2312 72.

1196 2317 1254 2359 67.
1281 2311 1459 2364 Nymphaea,
1481 2316 1500 2351 ἑ
1514 2315 1688 2363 paludibus
1707 2311 1932 2362 procrescens,
1959 2313 2090 2355 clavam

1242 2365 1397 2400 Herculis
1406 2365 1440 2400 in
1452 2364 1559 2402 radice
1568 2364 1785 2411 repraesentat,
1794 2365 1886 2405 cujus
1894 2376 2006 2402 amore
2016 2378 2092 2414 cap.

1241 2425 1274 2449 ta
1283 2412 1444 2461 Nympha
1468 2415 1503 2449 in
1529 2414 1617 2450 hunc
1638 2412 1765 2449 florem·
1782 2425 1999 2452 transmutata
2032 2415 2092 2455 est.

1241 2465 1319 2499 Anti
1340 2467 1421 2499 uitas
1443 2475 1462 2507 3
1467 2473 1501 2507 3.

1188 2515 1246 2553 68.
1272 2475 1421 2548 Ogavius
1428 2509 1702 2552 Balbus,mortem
1715 2508 1856 2559 fugiens,
1864 2511 1989 2554 audito,
1999 2511 2091 2561 quod

1234 2561 1338 2597 Filius
1348 2557 1396 2598 sui
1408 2561 1483 2597 loco
1494 2561 1528 2597 fit
1538 2560 1747 2600 occidendus,
1761 2559 1875 2608 sponte
1883 2565 2056 2599 revertitur
2071 2586 2084 2605 ,

1233 2611 1359 2659 proque
1377 2610 1453 2657 Filij
1469 2608 1572 2648 salute
1591 2621 1733 2646 mortem
1744 2609 1886 2647 sustinet.
1934 2614 2087 2663 Antiqui—

1237 2665 1286 2695 tas
1353 2687 1362 2697 .

1189 2712 1248 2753 69.
1271 2672 1414 2754 Ρῖνῖεκς,
1437 2705 1692 2755 juffu'Palladis,
1729 2706 2086 2750 Medusamterrificam

1233 2757 1418 2795 obtruncat.
1468 2759 1645 2802 Antiquitas
1663 2759 1686 2792 6
1689 2770 1721 2800 3.

1185 2816 1244 2850 70.
1271 2802 1454 2848 Pherenica,
1469 2818 1538 2842 non
1549 2805 1694 2842 obstante
1704 2805 1789 2854 lege,
1809 2817 1922 2843 contra
1931 2807 2083 2846 foeminas

1233 2856 1313 2898 lata,
1327 2856 1367 2892 de
1376 2868 1443 2892 non
1458 2853 1709 2892 interveniendo
1718 2855 1805 2892 ludis
1815 2857 2015 2904 olympicis,
2030 2870 2083 2894 ta-

1233 2915 1310 2941 men
1321 2905 1365 2941 ob
1385 2904 1460 2950 Filij
1481 2907 1515 2940 in
1534 2903 1650 2950 ijsdem
1666 2903 1754 2941 ludis
1768 2903 1997 2943 dexteritatem
2021 2907 2084 2944 ad·

1233 2957 1389 2991 mittitur.
1439 2957 1618 3003 Antiquitas
1631 2964 1688 2998 40.

286 3001 468 3040 lationibus
493 3003 683 3047 observata,
717 3005 752 3041 in
771 3003 861 3054 ligno
869 3003 1078 3051 Capricorni,
1094 3008 1130 3046 δε
1178 3011 1236 3049 7¹.
1266 3000 1423 3053 Philippus
1439 3006 1556 3044 Bonus,
1573 3001 1771 3051 Burgundiae
1785 3005 1888 3046 Dux,
1908 3002 2081 3042 Matronae

283 3051 400 3092 Piscis,
417 3049 583 3087 abeodem
594 3054 785 3092 declaratur.
833 3055 1019 3103 Antiquitas
1030 3066 1049 3091 2
1054 3065 1088 3099 3.

237 3112 298 3149 54.
315 3100 398 3137 idem
436 3110 618 3137 torrentem
633 3114 799 3139 tranatans
809 3128 819 3145 ,
835 3105 1127 3141 commentarium

285 3150 420 3198 propria
428 3161 528 3185 manu
549 3149 703 3198 scriptum
718 3152 860 3189 sollicite
871 3151 995 3195 salvat,
1025 3166 1062 3191 ac
1072 3156 1133 3191 mi.

284 3198 377 3238 nime
390 3199 608 3240 madefactum
617 3201 754 3249 profert.
801 3203 980 3250 Antiquitas
994 3214 1029 3242 1.

1224 3053 1385 3101 elegantis
1394 3053 1680 3095 statuain,5Leone
1690 3052 2082 3100 custoditam,hospitibus

1229 3100 1449 3145 suisexhibet,
1473 3115 1549 3139 cum
1568 3101 1845 3149 hacEpigraphe=
1872 3103 1968 3139 Nemo
1981 3114 2080 3140 meam

1230 3156 1401 3189 Dominam
1411 3156 1571 3202 contingat
1594 3154 1606 3188 i
1630 3154 1810 3204 Antiquitas
1828 3162 1863 3198 7.

1180 3210 1240 3243 72.
1265 3202 1398 3240 Pindari
1415 3202 1534 3240 domus
1549 3201 1640 3243 sola,
1666 3209 1702 3235 in
1720 3199 1935 3237 destructione
1947 3200 2078 3239 civita·

1985 3261 2027 3286 tn
